1901 3259
305 221 891 267 EPIGRAMMATUM
928 225 1050 268 LIB.
1090 226 1238 269 XIII.

1219 165 1231 182 Ι

1385 227 1469 271 161

648 372 898 430 CXXV

562 492 989 542 TARENTINUM*

144 612 338 657 Noles
360 622 402 656 et
423 611 553 668 lanis⁷
574 622 616 656 et
639 611 739 656 felix
758 613 920 657 vitibus
942 613 1083 658 Aulon
1097 648 1107 668 ,

213 684 300 726 Det
330 685 517 743 pretiosa
543 683 619 726 tibi
650 682 831 737 velle-ra,
849 685 947 727 vina
975 685 1092 728 mihi.

143 802 309 850 Κλεινὸς
330 801 400 842 ἐὼν
424 800 512 858 ἐρίῳ
533 817 598 855 τε,
617 800 684 843 καὶ
704 801 895 860 ἀμπέλῳ,
916 801 1014 861 εἴρια
1035 804 1102 861 μέν
1125 819 1185 845 σοι

214 873 354 913 Αὐλὼν
377 874 602 918 uulua-51³2)
625 871 799 930 πέμποι,
822 872 908 931 ἐμοὶ
929 867 973 915 δὲ
999 872 1108 932 μέθυ.

126 981 141 996 ’
162 986 366 1019 Tarentinum
381 987 489 1017 viuum
507 984 587 1019 edd.
602 993 747 1019 veteres.

125 1060 177 1066 ——
202 1039 418 1071 Tarentinam.
445 1037 535 1071 Plin.
564 1038 624 1071 lib.
648 1039 752 1079 XIV,

76 1104 152 1138 cap.
183 1094 217 1125 6.
248 1109 260 1121 «
280 1091 415 1124 Verum
447 1099 480 1123 et
505 1091 748 1137 longinquiora

76 1145 182 1178 Italiae
203 1144 245 1177 ab
259 1144 419 1178 Ausonio
439 1144 526 1177 mari
543 1157 615 1177 non
632 1152 751 1178 carent

77 1198 186 1243 gloria
198 1223 207 1238 ‚
226 1196 414 1230 Tarentina
428 1222 437 1236 .,
455 1206 487 1230 et
503 1196 695 1230 Servitiana
712 1214 725 1227 »
742 1223 751 1238 ‚

77 1259 142 1284 etc.
164 1251 208 1283 Et
236 1249 359 1283 eodem
382 1250 444 1282 lib.
467 1262 540 1296 cap.
562 1249 594 1282 3.
623 1267 636 1279 ‹-
661 1250 751 1283 Nec-

75 1316 148 1336 non
177 1303 408 1336 Tarentinum
435 1315 544 1348 genus
569 1303 676 1349 aliqui
702 1304 750 1337 fe-

75 1369 153 1390 cere
168 1382 177 1397 ,
193 1355 365 1402 praedulci
383 1368 461 1389 uva.
476 1373 489 1386 ι)
506 1356 672 1391 Praeterea
690 1357 751 1389 lib.

76 1410 167 1442 VIII
182 1435 191 1451 ‚
211 1421 286 1455 cap.
303 1410 367 1450 48,
390 1417 505 1454 egerat
521 1409 564 1443 de
582 1409 669 1443 lanis
684 1410 751 1443 Ta-

77 1462 236 1496 reminis.

133 1527 163 1548 1.
196 1515 320 1548 Nobilis
347 1523 378 1546 et
407 1515 488 1547 lauis
502 1543 510 1556 ‚
543 1524 609 1548 etc.
646 1515 753 1549 Poeta

76 1568 170 1602 enim
201 1567 451 1609 facetissimus,
491 1567 593 1601 diviti
619 1576 652 1601 et
678 1569 752 1602 cui-

77 1633 227 1666 cumque
247 1620 435 1654 delicatulo
458 1621 551 1654 lanas
572 1621 645 1654 illas
664 1621 752 1654 mol·

77 1674 221 1708 lissimas
241 1674 426 1720 relinquit,
448 1674 513 1706 sibi
542 1674 661 1707 vinum
685 1687 750 1719 po-

77 1727 152 1760 scit.
167 1726 237 1768 Qui
251 1735 364 1760 tamen
385 1727 479 1760 locus
495 1727 561 1760 erit
581 1727 751 1760 illustrior

77 1779 106 1813 si
126 1780 315 1814 Tarentum
334 1779 422 1813 lanis
446 1791 515 1812 non
535 1780 661 1813 nativis
682 1788 753 1812 tan-

808 995 884 1019 tum
894 1012 903 1027 ‚
911 986 971 1020 sed
982 999 1139 1032 purpura
1149 988 1265 1022 tinctis
1275 989 1408 1023 laudari
1418 1002 1488 1024 me-

808 1039 1012 1073 minerimus
1023 1065 1032 1080 ‚
1042 1040 1128 1073 utin
1139 1040 1226 1073 Hor.
1241 1041 1345 1075 lib.lI
1360 1068 1368 1083 ,
1381 1044 1483 1088 epist.

814 1104 845 1132 I,
867 1104 954 1137 207:
975 1110 987 1121 «
1006 1092 1103 1133 Quid
1125 1093 1235 1138 placet
1256 1107 1338 1139 ergo
1356 1094 1370 1127 Ρ
1391 1097 1485 1129 Lana

808 1145 1002 1178 Tarentino
1018 1146 1128 1179 violas
1145 1146 1279 1180 imitata
1300 1159 1445 1181 veneno.
1469 1166 1482 1178 n

809 1199 989 1231 -Αιιίοπ,
1010 1198 1104 1231 Urbs
1121 1208 1171 1232 est
1188 1199 1222 1239 in
1242 1213 1302 1233 ora
1321 1200 1486 1234 occiden-

809 1250 869 1284 tali
884 1250 1101 1285 Macedoniae
1112 1277 1120 1292 ‚
1141 1260 1226 1285 teste
1242 1253 1403 1287 Ferrario
1421 1255 1488 1288 huc

808 1304 981 1338 referente
1011 1304 1108 1338 hunc
1134 1319 1273 1339 versum
1306 1307 1487 1340 Martialis.

810 1358 921 1390 Aulon
942 1366 1057 1391 tamen
1076 1370 1136 1391 seu
1158 1359 1282 1392 Caulon
1301 1361 1344 1393 ab
1364 1360 1489 1394 eodem

811 1409 941 1444 dicitur
963 1410 1134 1456 oppidum
1158 1412 1293 1458 Magnae
1319 1413 1462 1447 Graecire
1481 1440 1489 1454 ,

809 1462 916 1496 hodie.
937 1463 1156 1506 Casteluetere,
1179 1465 1214 1498 in
1238 1478 1297 1499 ora
1321 1467 1489 1500 Calabriae

811 1516 988 1558 ulteriori,
1003 1519 1100 1563 juxta
1119 1520 1402 1563 promontorium
1419 1521 1487 1553 Co-

811 1570 996 1614 cynthum.
1013 1571 1064 1603 De
1077 1571 1145 1604 hoc
1158 1571 1324 1605 Horatius
1334 1599 1343 1613 ‚
1357 1573 1416 1606 lib.
1432 1574 1466 1605 II
1478 1598 1486 1610 ,

811 1621 869 1655 od.
887 1635 944 1663 vt,
964 1636 1015 1656 vs.
1039 1625 1082 1657 18
1106 1632 1139 1657 et
1154 1636 1251 1670 seqq.
1270 1643 1283 1654 «
1301 1626 1345 1658 Et
1359 1626 1488 1658 amicus

813 1676 926 1708 Aulon
941 1675 1063 1709 Fertili
1077 1677 1213 1710 Baccho
1230 1678 1413 1711 minimum
1427 1679 1488 1711 Fa-

811 1728 919 1761 lernis
939 1728 1079 1762 Invidet
1094 1730 1191 1763 uvis»
1209 1743 1218 1771 ;
1248 1739 1280 1763 et
1305 1730 1348 1764 de
1365 1730 1487 1765 eodem

813 1793 893 1814 sane
912 1781 1012 1827 loqui
1036 1781 1175 1816 videtur
1195 1783 1312 1817 Poeta.

628 1903 926 1960 CXXVL

582 2024 988 2073 L‘NGUENTURL*

151 2137 463 2179 UNGUENTUM
492 2132 651 2177 haeredi
679 2149 928 2194 nunquam,
958 2151 1038 2178 nec
1069 2137 1168 2179 vina
1198 2136 1425 2198 relinquas.

216 2203 294 2248 Ille
320 2204 479 2248 habeat
507 2220 709 2248 nummos
740 2221 747 2247 :
779 2204 873 2249 haec
902 2204 977 2247 tibi
1009 2214 1099 2249 tota
1127 2206 1240 2250 (lato.

151 2304 229 2356 Μὴ
243 2308 335 2352 λίπε
357 2309 590 2369 κληρονόμῳ
614 2316 672 2364 τῷ
694 2314 751 2363 σῷ
777 2310 881 2367 μύρα
895 2343 905 2363 ‚
931 2311 1033 2368 μήτε
1055 2311 1100 2351 σὺ
1124 2307 1239 2354 οἶνον.

263 2380 274 2394 t
419 2379 429 2393 l
584 2379 594 2391 t
764 2378 772 2391 κ
805 2373 835 2396 Ν,
862 2381 878 2393 »v
1009 2386 1029 2393 κ.
1112 2375 1174 2393 &fx

215 2381 357 2438 Κερμα
378 2396 494 2438 μονον
514 2378 690 2421 κτασθω·
717 2396 778 2421 σοι
798 2387 819 2420 ὸ
855 2384 932 2422 om
953 2397 1085 2422 ταυτα
1106 2384 1169 2422 dio
1179 2399 1235 2423 ου.

135 2489 150 2504 *
164 2495 306 2527 Lemma
324 2493 442 2527 deficit
462 2493 498 2525 in
523 2493 576 2526 ed.
598 2494 698 2527 Barh.

142 2559 172 2580 Ι.
187 2546 251 2578 Vel
270 2558 336 2592 pro
361 2559 414 2578 nec
442 2545 501 2578 dat
519 2546 593 2580 MS.
612 2547 755 2580 Bev.—-

89 2600 305 2644 Unguentum,
323 2606 387 2632 etc.
398 2599 616 2644 Praeceptum
630 2600 698 2632 hoc
715 2612 756 2632 ex

86 2652 227 2698 Epicuri
248 2651 429 2697 disciplina
443 2677 450 2690 ‚
472 2660 509 2685 ut
529 2651 673 2697 quisque
690 2652 758 2685 suis

158 2725 248 2767 III.

813 2495 915 2528 bonis
932 2507 1081 2540 praesens
1096 2497 1324 2540 praesentibus
1340 2498 1486 2541 fruatur,

815 2547 1032 2592 potissimum
1062 2561 1138 2593 quae
1161 2548 1200 2581 ad
1228 2558 1342 2582 cutem
1365 2545 1487 2584 ‘curam-

817 2598 895 2632 dam
917 2601 1108 2645 pertinent.
1123 2602 1162 2633 In
1183 2613 1254 2646 quo
1271 2613 1416 2646 genere,
1438 2606 1488 2637 vi-

818 2665 879 2691 na,
904 2652 1047 2693 odores,
1068 2661 1265 2698 unguenta„
1289 2663 1353 2689 etc.

1190 2740 1239 2767 11
