1901 3259
307 220 898 265 EPIGRAMMATUM
935 219 1060 262 LIB.
1100 218 1235 260 XIV.

1382 214 1480 260 223

698 372 834 429 CII.

471 526 699 556 CALICES
737 526 1081 555 SURRENTINI.

139 650 308 693 Accua-3
338 665 427 693 non
452 648 525 692 vili
555 648 709 693 calices
737 648 791 693 de
814 648 993 710 pulvere
1022 657 1172 703 natos;

208 718 294 762 Sed
325 720 593 764 Surrentinae
619 719 712 764 leve
735 729 936 764 toreuma
964 728 1085 763 rotae.

136 859 196 899 Οὐ
224 860 300 918 μὴν
331 853 554 918 δημοτικῆς
581 855 623 909 ἐξ
645 858 772 910 ἰλύος,
798 858 904 902 ἀλλὰ
927 858 1114 918 κυλίχνας

204 931 287 971 Τοῦ
313 928 593 989 Σουῤῥεντίνου
621 924 711 979 δέξο
741 929 920 989 τόρευμα
944 935 1108 990 τροχοῦ.

119 1081 149 1100 2.
179 1066 246 1100 Sed
272 1066 478 1101 Surrentinoe.
508 1067 718 1102 Surrentum
732 1094 741 1110 ‚

64 1119 122 1153 alii
141 1120 332 1154 Surentum
344 1147 354 1161 ‚
374 1121 640 1155 Picentinorum
657 1120 743 1154 urbs

62 1175 160 1217 juxta
202 1174 432 1218 Tyrrhenum
478 1187 574 1208 mare
591 1200 600 1216 ‚
635 1173 743 1207 hodie

64 1225 214 1259 Son-ento
224 1254 232 1266 ‚
257 1227 319 1260 ubi
335 1236 427 1261 terra
446 1236 498 1262 est
513 1227 648 1274 poculis
662 1239 742 1260 con-

65 1277 222 1313 ficiendis
240 1280 385 1325 optima.
403 1281 456 1314 De
476 1281 642 1315 calicibus
661 1280 743 1314 Sur-

801 1068 951 1102 rentinis
975 1067 1111 1101 Plinius
1139 1068 1199 1101 lib.
1229 1068 1382 1108 XXXV„
1403 1081 1478 1114 rap.

807 1133 850 1154 12
868 1133 877 1154 ε
893 1138 907 1150 α
923 1121 1065 1154 Retinet
1086 1121 1177 1154 hanc
1200 1121 1420 1154 nobilitatem
1445 1130 1477 1155 et

801 1174 982 1208 Arretium
1002 1174 1041 1207 in
1061 1174 1160 1207 Italia
1181 1183 1216 1208 et
1235 1174 1381 1207 calicum
1403 1183 1478 1208 tan-

801 1235 876 1260 tum
903 1226 1112 1260 Surrentum
1133 1244 1147 1256 n
1165 1249 1218 1254 —
1238 1228 1403 1260 Toreuma.
1429 1229 1480 1261 De

802 1287 999 1314 toreumate
1015 1279 1147 1314 dictum
1167 1281 1191 1313 l.
1210 1281 1274 1321 IV,
1287 1293 1342 1326 ep.
1361 1293 1475 1313 xxxix.

685 1417 861 1475 CIII.

493 1572 683 1603 COLUM
722 1551 1042 1602 NIVARIUM.*

132 1697 353 1753 Smmos,
377 1713 537 1740 moneo
554 1732 566 1749 ‚
594 1705 744 1740 nostra
766 1696 866 1739 nive
893 1694 1045 1756 frange
1072 1696 1269 1748 trientes;

202 1769 465 1828 Pauperiore
491 1783 614 1810 mero
637 1767 807 1827 tingere
831 1765 920 1809 lina
945 1775 1083 1826 potes.

132 1907 322 1958 Σητίνους
349 1907 534 1958 κώθωνας
559 1909 671 1967 ἐμαῖς
696 1907 870 1966 χιόνεσσι
895 1899 1043 1966 δίῃνον·

200 1977 283 2029 Τὰς
311 1972 350 2020 δ’
377 1978 517 2028 ὀθόνας
543 1979 634 2034 οἴνῳ
657 1979 776 2038 τέγγε
801 1977 1049 2037 χερειοτέρῳ.

113 2112 126 2127 '¹
145 2117 258 2150 Colum
279 2119 450 2158 nivarium,
475 2116 572 2163 quod
594 2124 628 2151 et
649 2129 734 2162 qua·

60 2170 134 2203 lum
163 2169 352 2211 dixerunt,
377 2183 436 2204 vas
460 2179 551 2209 erat,
576 2170 613 2203 in
641 2168 737 2215 quod

60 2224 194 2268 optima
210 2223 292 2256 vina
312 2223 570 2269 injiciebantur,
585 2235 736 2269 quorum

58 2276 106 2310 ita
125 2277 177 2309 vis
201 2276 366 2322 potiusve
386 2277 480 2310 calor
507 2277 737 2322 frangeretur.

59 2328 166 2370 Quod
188 2329 224 2363 in
247 2330 343 2363 hunc
368 2329 514 2363 modum
534 2330 640 2363 fiebat
657 2342 665 2361 τ
682 2329 737 2362 ni-

59 2394 117 2415 ves
138 2382 388 2427 injiciebantur
410 2383 447 2416 in
469 2383 586 2416 colum
607 2381 736 2415 deinde

59 2434 181 2467 vinum
199 2434 468 2477 infundebatur,
487 2434 584 2481 quod
600 2448 663 2481 per
680 2435 735 2468 ni-

57 2498 118 2520 ves
142 2486 229 2520 dum
251 2487 395 2528 flueret,
418 2488 527 2534 frigus
546 2487 735 2529 induebat,

59 2551 248 2586 secumque
260 2541 429 2574 trahebat.
443 2542 576 2574 Notum
587 2554 671 2575 vero
684 2549 736 2574 est

59 2591 221 2638 inprimis
236 2593 404 2638 placuisse
426 2593 594 2627 Romanis
613 2594 661 2627 sic
679 2606 735 2626 re-

60 2645 240 2690 frigeratas
270 2647 432 2691 potiones
447 2673 456 2687 ‚
493 2646 563 2679 sive
600 2647 646 2679 ob
680 2659 734 2679 re-

62 2698 174 2742 gionis
189 2692 257 2732 suae
272 2700 422 2733 calorem
440 2698 735 2740 ardentissimum,

795 2115 868 2149 sive
885 2114 967 2161 quia
980 2115 1016 2148 in
1033 2113 1223 2149 editissima
1235 2114 1360 2150 aediuin
1374 2126 1473 2163 parte

795 2177 928 2202 servata
944 2168 1025 2200 vina
1037 2193 1046 2209 ,
1059 2180 1131 2201 non
1151 2168 1277 2202 eodem
1295 2183 1364 2216 quo
1379 2171 1470 2216 apud

798 2222 1008 2255 recentiores
1025 2221 1156 2266 frigore
1172 2221 1335 2268 adspersa
1349 2225 1474 2257 mensis

798 2275 1077 2321 imponerentur.

856 2341 886 2361 1.
913 2327 1037 2361 Setinos
1058 2329 1195 2361 trientes.
1221 2328 1298 2362 Hoc
1323 2338 1394 2368 est,
1418 2331 1469 2363 vi-

796 2394 883 2414 num
905 2380 1087 2422 Setinum,
1112 2379 1156 2413 de
1177 2393 1248 2426 quo
1268 2382 1330 2414 lib.
1359 2383 1467 2422 XIII,

796 2447 859 2468 suo
878 2435 1040 2468 lemmate
1063 2433 1224 2467 diximus.

852 2501 884 2521 2.
903 2488 1096 2531 Pauperiore
1117 2492 1211 2520 mero.
1225 2485 1268 2519 Id
1285 2495 1353 2523 est,
1375 2488 1448 2521 lino
1460 2514 1470 2528 ,

796 2553 856 2574 seu
869 2540 974 2574 saccis
989 2540 1107 2573 linteis
1119 2565 1127 2578 ‚
1141 2552 1215 2572 non
1227 2540 1306 2572 colo
1325 2539 1467 2585 dignum

795 2592 891 2638 quod
910 2593 1148 2637 refrigeretur.
1165 2592 1326 2625 Diximus
1343 2606 1469 2639 nempe

795 2658 898 2691 supra
931 2644 1235 2678 aestimatissimuni
1269 2645 1358 2678 inter
1388 2648 1466 2679 vina

795 2698 951 2731 Setinum
970 2697 1083 2730 fuisse.
