2044 3292
536 258 625 304 132

908 257 970 300 M.
998 257 1140 300 VAL.
1180 256 1570 300 MARTIALIS

1091 405 1376 463 LXXII.

1058 554 1403 585 PHASIANUS.

594 687 801 731 AssolvA
831 684 1023 745 primum
1049 699 1144 727 sum
1175 692 1470 744 transportata
1497 685 1666 740 carina3

664 758 776 799 Ante,
803 754 909 798 mihi
935 762 1088 797 notum
1116 752 1176 796 nil
1192 789 1204 810 ⁷
1228 754 1310 797 nisi
1334 753 1507 811 Phasis,
1535 764 1639 799 erat.

591 879 737 947 Ᾱργῴῃ
760 889 920 944 πρῶτον
943 882 1182 943 μετενέχθην
1204 880 1280 931 νηΐ·
1301 883 1486 944 πάροιθεν

660 955 822 1006 Γνωςὸν
845 954 954 1015 ἐμοὶ,
974 955 1078 1002 πλὴν
1101 960 1175 997 τοῦ
1193 948 1395 1009 Φάσιδος,
1417 949 1532 998 οὐδὲν
1553 955 1636 1001 ἔην.

578 1103 609 1124 1.
628 1089 742 1134 Argoa
755 1087 832 1122 cod.
847 1088 986 1121 Thuan.
1003 1107 1056 1112 —
1069 1086 1196 1131 Argiva

520 1145 638 1176 carina.
664 1142 742 1184 Qua
766 1154 893 1186 nempe
915 1140 1007 1174 vecti
1029 1148 1110 1173 sunt
1131 1142 1197 1173 Ar-

519 1203 698 1241 gonautae,
726 1194 770 1228 de
796 1194 925 1240 quibus
949 1195 1020 1239 jam
1050 1192 1197 1227 dictum.

576 1262 607 1282 2.
641 1249 766 1281 Phasis.
802 1247 1017 1282 Colchorum
1048 1245 1198 1288 fluvius,

520 1300 614 1335 unde
636 1301 721 1335 dicti
744 1309 779 1334 et
803 1301 897 1335 allati
922 1307 1004 1334 sunt
1027 1298 1197 1345 phasiani.

519 1353 604 1388 Vid.
625 1355 687 1389 lib.
702 1354 876 1400 111‚epig.
889 1366 984 1394 LVII,
1001 1352 1198 1386 16.-—Post

519 1408 587 1442 hoc
620 1407 797 1442 distichon
817 1405 1013 1452 interponit
1031 1404 1195 1439 Arondel.

1256 1086 1350 1121 aliud
1365 1086 1409 1121 de
1423 1088 1475 1121 avi
1499 1086 1622 1122 eadem
1641 1099 1724 1122 cum
1741 1088 1902 1123 lemmate
1925 1101 1934 1122 2

1433 1181 1664 1202 PHASIANI
1692 1181 1790 1203 Duo.

1262 1263 1275 1275 ‹-
1284 1245 1379 1286 Quas
1389 1246 1503 1291 Argoa
1514 1245 1610 1291 prius
1624 1245 1813 1280 transvexit
1825 1245 1936 1279 Phase

1258 1299 1375 1332 carina
1390 1323 1400 1340 ,
1429 1298 1510 1331 Oris
1548 1311 1626 1332 aves
1661 1298 1774 1343 sapidi
1810 1298 1939 1332 femina

1258 1352 1383 1397 virque
1399 1364 1555 1385 sumus.»
1577 1352 1651 1385 Nee
1666 1351 1827 1386 Martiale
1846 1350 1938 1385 indi-

1258 1417 1368 1451 gnum
1393 1404 1496 1438 nobis
1517 1403 1667 1438 videtur.

1063 1539 1386 1595 LXXIII.

1069 1684 1390 1714 NUMIDICAE.

593 1798 778 1841 ANSERE
801 1794 1003 1837 Romano
1024 1792 1225 1853 quamvis
1250 1800 1370 1840 satur
1392 1791 1609 1835 Hannibal
1633 1802 1768 1847 esset,

662 1867 762 1927 Ipse
791 1881 888 1909 suas
915 1879 1139 1924 nunquam
1165 1862 1378 1907 barbarus
1406 1862 1497 1906 edit
1523 1878 1637 1906 aves.

580 2013 609 2033 1.
633 2000 734 2032 Salar
754 1997 934 2031 Hannibal.
956 1998 1049 2030 Dum
1069 1997 1201 2029 bellum

522 2053 626 2099 gessit
650 2052 686 2085 in
710 2051 830 2092 Italia,
856 2059 974 2096 pastus
1000 2058 1050 2083 est
1071 2049 1202 2084 anseri-

524 2107 590 2139 bus
600 2133 609 2148 ,
619 2114 654 2138 et
663 2104 829 2137 abstinuit
841 2103 975 2149 gallinis
990 2102 1184 2136 Numidicis
1192 2127 1202 2143 ‚

526 2160 605 2192 licet
624 2157 906 2198 delicatioribus,
925 2156 1007 2201 quia
1031 2165 1114 2189 tunc
1136 2155 1203 2188 illae

526 2210 686 2245 nondum
705 2209 833 2243 mensis
851 2210 1140 2255 apponebantur,
1164 2216 1203 2241 ut

526 2265 623 2298 aiunt
658 2265 874 2309 interpretes.
915 2263 966 2295 De
1002 2260 1202 2295 Numidicis

525 2317 660 2352 dictum
686 2316 748 2349 lib.
781 2316 852 2352 III,
883 2315 991 2360 epigr.
1024 2327 1110 2347 Lvn.
1133 2314 1200 2346 Vel

527 2371 645 2416 potius
671 2369 826 2414 intellige
850 2366 1052 2402 Numidicas
1080 2366 1202 2412 displi-

526 2424 636 2457 cuisse
645 2422 843 2455 Hannibali.
853 2421 1109 2454 —Martialem
1120 2432 1202 2453 reor

528 2477 630 2510 tacite
651 2475 805 2509 cavillari
828 2474 988 2507 frivolam
1011 2473 1128 2507 saeculi
1149 2486 1202 2506 su-

525 2529 683 2575 perbiam
700 2528 760 2574 qui
776 2528 865 2573 gulae
878 2527 1019 2560 scientia
1035 2526 1203 2572 gloriaba-

527 2590 594 2615 tur.
614 2582 718 2615 Tunc
731 2581 823 2614 enim
840 2589 874 2614 et
893 2579 988 2613 dives
1009 2588 1042 2613 et
1056 2590 1201 2625 pauper,

527 2636 701 2668 bonarum
725 2635 853 2667 artium
883 2633 1083 2679 negligens,
1115 2631 1201 2665 deli-

526 2688 590 2721 cati
607 2688 671 2721 viri
686 2686 826 2721 laudem
841 2687 948 2732 magis
963 2686 1202 2731 aucupabatur

1260 2009 1363 2042 quam
1386 1996 1502 2042 magni
1518 2004 1551 2029 et
1568 1996 1690 2042 probi3
1704 2004 1738 2030 et
1756 1995 1814 2029 vix
1826 1995 1938 2029 ullum

1260 2049 1416 2095 reperire
1432 2057 1505 2083 erat
1527 2049 1585 2083 cui
1603 2061 1675 2082 non
1692 2049 1845 2094 placeret
1865 2061 1938 2082 ma-

1259 2103 1312 2147 gis
1326 2102 1511 2135 Petronius
1528 2102 1587 2135 ille
1601 2102 1872 2135 neronianarum
1887 2114 1939 2135 ar-

1261 2155 1353 2188 biter
1370 2154 1620 2201 elegantiarum
1630 2181 1639 2195 ‚
1653 2167 1756 2201 quam
1770 2155 1940 2189 liberator

1263 2208 1426 2253 Capitolii
1458 2208 1612 2241 Manlius
1641 2216 1699 2241 aut
1729 2208 1939 2242 Hannibalis
1978 2247 1986 2260 x

1262 2261 1374 2294 victor
1395 2261 1534 2307 Scipio,
1553 2269 1611 2294 aut
1629 2261 1744 2294 victor
1762 2261 1835 2306 ipse
1854 2268 1939 2294 tam-

1262 2313 1323 2347 diu
1348 2315 1588 2347 Romanorum
1610 2314 1797 2347 Hannibal.
1823 2314 1874 2347 Ex
1896 2313 1938 2347 iis

1262 2368 1354 2400 enim
1382 2368 1497 2400 nullus
1519 2366 1702 2400 munditiae
1724 2378 1823 2399 novae
1843 2366 1937 2412 peri-

1263 2429 1317 2453 tus
1337 2429 1429 2461 erat,
1450 2432 1513 2453 nec
1536 2420 1680 2454 callebat
1702 2419 1824 2465 quanti
1846 2419 1937 2453 mul-

1261 2474 1314 2506 lus
1325 2482 1357 2506 et
1371 2473 1555 2515 rhombus,
1571 2473 1692 2519 quanti
1705 2472 1825 2518 lingua
1840 2472 1937 2506 Phae-

1261 2526 1456 2573 nicopteri,
1481 2527 1604 2572 quanti
1629 2537 1864 2560 muraenarum
1886 2525 1936 2558 la-

1261 2587 1330 2612 ctes
1343 2605 1351 2620 ,
1365 2579 1484 2625 quanti
1502 2591 1662 2613 anserum
1677 2587 1780 2624 atque
1797 2586 1936 2612 anatum

1259 2632 1427 2677 jecinora,
1440 2633 1561 2678 quanti
1574 2633 1699 2679 gallina
1714 2629 1933 2671 aestimanda;

1261 2685 1396 2719 barbari
1420 2698 1502 2719 sane
1521 2694 1554 2720 et
1576 2684 1680 2719 rudes
1699 2684 1785 2719 viri!
1806 2684 1873 2717 En.
