1901 3259
297 201 884 246 EPIGRAMMATUM
923 201 1046 243 LIB.
1086 199 1222 242 XIV.

1374 196 1467 258 169

705 357 817 414 IX.

654 515 828 544 IJDEM.
853 493 871 512 '⁴‘

129 642 270 698 QUOD
300 641 503 684 minimos
532 641 695 696 cernis,
727 641 840 683 mitti
866 656 946 683 nos
972 637 1110 683 credis
1139 639 1313 692 amicae3

197 710 398 755 Falleris:
421 721 464 754 et
492 727 694 755 nummos
726 711 806 755 ista
833 708 989 754 tabella
1014 718 1151 771 rogat.

126 836 359 910 fiyssposseg,
385 851 416 892 εἰ
442 849 637 910 πέμπεσθ’
666 853 770 909 ἡμᾶς
800 856 851 907 τῇ
880 850 1050 908 ἐρωμένῃ
1078 853 1156 910 ἡγῇ

199 922 341 980 Κέρμοι
375 922 546 974 βλέπων·
577 920 686 963 αἰτεῖ
706 922 834 980 κέρμα
860 919 927 962 καὶ
953 914 1026 967 ἥδε
1056 918 1179 969 σανίς.

112 1055 128 1071 “
141 1057 228 1090 Idem
243 1055 322 1090 edd.
342 1057 484 1091 Schrev.
498 1058 610 1091 Maitt.
629 1057 730 1090 But-b.

58 1109 176 1144 Ibidem
198 1109 252 1143 ed.
276 1110 422 1144 Farnab.
445 1110 545 1144 Iidem
566 1111 734 1144 Vitelliani

60 1162 140 1197 edd.
158 1172 242 1197 vett.
263 1172 298 1197 et
314 1164 440 1209 Delph.

113 1228 144 1250 1.
168 1217 319 1250 Nummos
343 1216 422 1250 edd.
448 1225 532 1251 vett.
558 1225 591 1250 et
618 1217 730 1250 Maitt.

58 1277 93 1303 et
113 1270 260 1310 Bar-hou,
284 1282 476 1316 perperam.
490 1292 542 1296 —
558 1271 656 1314 Quod
672 1274 729 1303 mc'-

58 1325 166 1356 m‘mos.
181 1323 252 1368 Ipsi
268 1323 434 1357 nimirum
452 1324 647 1369 loquuntur
666 1335 729 1368 per

57 1376 356 1422 prosopopoeiam,
381 1385 418 1410 ut
452 1377 487 1409 111
517 1375 728 1422 praecedenti

59 1429 317 1475 epigrammate,
328 1429 526 1470 Vitelliani,
539 1438 573 1463 et
586 1428 731 1463 audien-

59 1482 152 1516 tibus
163 1483 326 1516 nuntiant
340 1496 411 1516 non
429 1482 521 1516 mitti
535 1494 570 1516 se
587 1481 631 1516 ad
645 1483 730 1516 ami-

60 1547 135 1569 cam
151 1535 215 1568 sub
233 1544 373 1569 noctem
389 1535 575 1581 petendam
589 1561 598 1577 ,
615 1537 671 1569 vel
687 1535 731 1569 ad

59 1588 255 1635 rogandum
283 1588 419 1634 aliquid
444 1588 641 1635 ejusmodi3
673 1588 733 1622 sed

58 1641 151 1675 mitti
181 1654 216 1675 se
243 1641 288 1676 ad
314 1642 465 1687 aliquem
489 1643 733 1675 foeneratorem

60 1703 121 1728 aut
152 1693 299 1728 divitem
328 1694 372 1728 ad
400 1694 589 1740 petendam
626 1706 733 1740 pecu-

58 1747 298 1781 niam.Videat
324 1748 446 1782 lector.
468 1769 519 1775 ·—-
547 1748 734 1793 Vulgatam

59 1800 245 1834 lectionem
262 1801 389 1834 retinet
402 1801 594 1842 Domitius,
605 1809 637 1834 et
649 1800 736 1835 dicit

60 1854 267 1887 Vitellianos
291 1854 398 1887 fuisse
421 1853 555 1888 loculos
576 1866 618 1887 ex
639 1855 735 1888 corio

60 1907 247 1946 confectos,
263 1919 352 1952 quos
370 1908 418 1940 sic
439 1907 600 1952 explico:
615 1907 735 1948 Quum

59 1959 98 1993 in
126 1960 193 1994 illis
212 1960 410 1993 Vitellianis
437 1968 552 1993 essent
580 1961 735 2002 nummi,

60 2011 103 2046 ad
126 2013 270 2047 amicam
292 2014 369 2046 illos
395 2013 485 2046 mitti
507 2012 650 2047 credere
672 2027 734 2059 po-

60 2065 182 2099 tuisset
201 2066 346 2112 aliquis;
367 2074 400 2099 at
418 2075 543 2100 mutuo
563 2075 660 2100 erant
680 2079 734 2101 ac-

60 2118 152 2164 cepti
167 2127 201 2152 et
216 2118 309 2153 sorte
322 2119 365 2152 ab
382 2119 453 2164 ipsa
467 2119 586 2154 amica.
604 2120 672 2153 Alii
687 2120 735 2153 sic

60 2171 334 2217 interpretantur
349 2185 357 2205 ι
375 2173 546 2206 Nummos
558 2199 567 2215 ‚
583 2185 735 2219 quorum

60 2224 194 2258 mentio
222 2225 259 2258 111
290 2226 344 2258 his
374 2226 627 2271 pugillaribus,
661 2239 733 2259 non

60 2277 164 2311 mitto
183 2279 320 2319 amicae,
339 2278 400 2312 sed
419 2291 527 2324 posco
546 2279 589 2312 ab
610 2280 736 2313 illa.—

62 2330 340 2375 Ingeniosissima
359 2344 440 2365 sane
458 2345 533 2378 quae
545 2332 602 2366 hic
616 2334 734 2366 Domi-

61 2383 132 2416 tius
152 2382 333 2418 divinavit.
358 2384 425 2418 Sed
450 2392 541 2419 tanta
560 2386 733 2419 acuminis

61 2436 254 2470 subtilitate
272 2437 415 2470 minime
431 2451 518 2484 opus
539 2447 601 2472 est.
622 2438 733 2472 Num·

62 2501 139 2522 mos
156 2497 191 2522 et
209 2498 347 2523 noctem
362 2491 493 2536 pariter
511 2491 666 2537 flagitare
679 2493 733 2526 hae

31 2553 40 2567 s
61 2542 195 2575 tabellae
215 2543 385 2576 valebant.
399 2544 527 2578 Procul
542 2543 652 2579 dubio
669 2544 735 2578 du-

62 2595 144 2640 plex
173 2595 267 2629 hisce
293 2596 510 2641 temporibus
527 2598 734 2631 Vitelliano·

63 2659 143 2681 rum
173 2660 254 2682 usus
283 2649 454 2691 invaluit,
484 2649 568 2683 dum
597 2651 649 2684 his
681 2652 735 2685 vcl

65 2701 256 2736 scriberent
283 2701 328 2736 ad
354 2703 500 2737 amasios
529 2712 562 2737 et
590 2704 735 2745 amicas,

792 1057 845 1090 vel
865 1057 1029 1103 pecunias
1049 1064 1172 1089 mutuo
1191 1055 1267 1089 dari
1287 1068 1470 1101 precaren-

792 1121 849 1143 tur
876 1118 935 1143 aut
963 1118 1085 1143 mutuo
1112 1109 1209 1142 datas
1235 1118 1469 1155 reposcerent.

793 1164 838 1196 At
855 1176 917 1196 cur
932 1163 1001 1196 hoc
1019 1163 1115 1196 velut
1139 1174 1212 1195 rem
1237 1163 1360 1196 miram
1384 1175 1471 1196 nun-

792 1216 854 1250 tiat
873 1215 1003 1249 Poeta?
1017 1228 1079 1249 cur
1097 1216 1144 1249 ait
1159 1228 1167 1249 :
1182 1215 1296 1248 «mitti
1311 1228 1375 1249 nos
1394 1228 1469 1249 cre-

790 1268 843 1303 dis
864 1270 1003 1310 amicae3
1022 1269 1224 1302 Falleris...
1236 1296 1243 1302 .
1255 1296 1262 1302 .
1274 1268 1299 1302 ..³
1315 1286 1328 1297 »
1346 1267 1386 1301 Id
1407 1281 1470 1314 ego

787 1322 997 1356 crediderim
1009 1348 1018 1363 ‚
1037 1336 1108 1355 non
1130 1322 1274 1355 antehac
1293 1321 1471 1367 duplicem

790 1376 894 1409 fuisse
916 1389 1017 1409 usum
1036 1375 1303 1409 Vitellianarum
1327 1376 1468 1408 tabella-

790 1442 869 1462 rum
882 1455 891 1470 ,
909 1438 942 1462 et
962 1429 1136 1462 amatoriis
1149 1428 1249 1474 nugis
1261 1454 1270 1470 ,
1289 1441 1360 1461 non
1377 1428 1468 1469 aliis,

790 1491 980 1515 reservatas
996 1481 1040 1515 de
1057 1482 1204 1527 pecunia
1220 1494 1399 1526 nunquam
1415 1494 1466 1514 re-

793 1535 911 1569 tulisse
926 1547 936 1577 ·,
954 1543 988 1568 at
1016 1547 1124 1581 quum
1148 1535 1306 1579 glisceret
1331 1534 1468 1567 luxuria

792 1597 826 1622 et
849 1589 965 1621 omni-a
986 1588 1023 1621 111
1045 1588 1118 1621 dies
1146 1589 1193 1621 ita
1215 1586 1411 1628 invaderet,
1431 1595 1472 1620 ut

793 1641 837 1675 de
850 1642 947 1675 seriis
963 1643 1068 1674 rebus
1082 1643 1152 1686 jam
1165 1641 1260 1686 qnasi
1276 1642 1467 1686 perjocum

794 1703 828 1728 et
850 1695 943 1727 inter
974 1695 1090 1728 lances
1113 1693 1367 1739 cathedrasque
1395 1705 1471 1739 age-

795 1756 904 1787 retur,
927 1748 1094 1793 placuisse
1114 1759 1194 1780 mox
1214 1747 1380 1780 Romanis
1398 1759 1472 1792 gra-

794 1800 931 1834 vissima
953 1812 1101 1846 quaeque
1120 1799 1244 1833 eodem
1262 1800 1381 1833 libello
1399 1812 1471 1832 am—

794 1854 901 1899 plecti
931 1866 1002 1899 quo
1028 1853 1219 1894 levissima,
1246 1861 1281 1886 et
1313 1866 1386 1886 rem
1415 1865 1469 1885 ar-

795 1906 986 1952 gentariam
1012 1919 1082 1952 quo
1105 1906 1318 1939 amatorium.
1342 1906 1399 1939 Sic
1429 1906 1472 1938 iis

795 1961 868 1993 sere
898 1960 1117 2006 temporibus
1146 1958 1378 1992 diversissima
1410 1959 1473 1992 lni-

794 2026 892 2046 sceus
913 2013 1128 2058 gloriabatur
1151 2012 1266 2053 Otho,
1285 2011 1474 2046 «Occidere

795 2066 945 2100 Galbam
963 2066 1007 2098 Et
1028 2078 1153 2099 curare
1172 2075 1286 2099 cutem
1292 2091 1385 2099 .....
1406 2066 1468 2098 Be-

793 2120 902 2152 briaci
920 2131 1043 2165 campo
1059 2119 1209 2165 spolium
1229 2119 1391 2152 affectare
1407 2119 1472 2151 Pa-

793 2173 854 2206 lati
881 2173 926 2206 Et
956 2184 1115 2218 pressum
1142 2173 1177 2206 in
1206 2172 1327 2205 faciem
1357 2171 1472 2217 digitis

794 2225 980 2260 extendere
1018 2238 1143 2271 panem
1166 2239 1207 2267 ”3
1241 2226 1368 2258 Juven.
1405 2226 1439 2257 II
1461 2251 1470 2265 ‚

799 2279 882 2313 105.
903 2279 1039 2325 Coujici
1058 2291 1205 2325 quoque
1225 2287 1338 2324 potest
1358 2278 1471 2311 Vitel-

793 2333 967 2366 lianorum
995 2332 1080 2365 alios
1107 2333 1211 2365 fuisse
1232 2330 1472 2377 magnitudine

792 2386 872 2419 satis
886 2386 1053 2419 notabiles
1065 2411 1075 2426 ‚
1089 2386 1173 2419 alios
1188 2385 1364 2430 perexigui
1377 2385 1474 2418 volu-

793 2439 916 2481 minis3
934 2439 969 2472 in
989 2439 1042 2472 his
1057 2451 1138 2472 vero
1156 2448 1193 2471 ut
1211 2437 1402 2482 plurimum
1419 2437 1474 2470 lu-

793 2492 889 2526 dicra
905 2501 939 2526 et
958 2492 1142 2533 amatoria,
1158 2492 1194 2524 in
1207 2491 1276 2524 illis
1293 2502 1348 2523 res
1368 2490 1471 2524 serias

795 2545 958 2587 tractari;
988 2544 1176 2590 aliquando
1209 2550 1324 2577 tamen
1353 2543 1470 2577 inver-

795 2611 870 2632 sum
890 2612 908 2633 a
927 2597 1135 2644 quibusdam
1157 2598 1224 2630 hoc
1248 2595 1473 2630 consuetudi-

794 2652 860 2693 nis,
871 2660 905 2685 et
921 2660 1036 2684 actum
1053 2649 1095 2684 de
1112 2649 1261 2696 pecunia
1274 2649 1311 2682 in
1328 2651 1476 2695 exiguis,

795 2705 831 2738 in
856 2705 988 2750 magnis
1006 2703 1050 2738 de
1072 2703 1260 2750 voluptate.
1275 2703 1341 2736 En.
