1901 3259
275 198 862 245 EPIGRAMMATUM
901 197 1025 239 LlB.
1067 196 1216 238 XIII.

1371 210 1380 235 1
1401 192 1460 251 131]

638 350 872 408 CXX}

588 506 922 536 PFLIGNU3L

124 636 337 678 MARsmA
363 633 527 693 Peligni
548 633 727 676 mittunt
751 631 922 674 turbata
945 629 1114 681 coloni;

192 705 294 750 Non
326 714 371 748 tu
389 740 399 755 ,
428 702 608 747 libertus
633 702 706 747 sed
728 702 848 745 bibat
870 700 939 745 illa
963 711 1076 745 tuus.

110 845 141 865 1.
162 831 299 864 Massica
317 830 395 864 edd.
415 838 499 863 vett.
516 829 657 862 Marsica
673 831 728 873 ju-

56 886 117 917 bet
129 884 309 918 Floseulus
321 908 331 923 ‚
344 893 378 918 et
397 882 456 916 dat
469 881 547 917 cod.
563 883 600 915 in
619 894 727 926 marg.

55 936 109 971 ed.
129 938 204 971 Par.
223 939 341 981 1617;
357 946 391 970 et
405 936 473 969 hoc
487 935 625 968 merito.
640 935 730 968 Nam

54 990 199 1024 Massica
231 989 312 1023 vina
353 989 390 1022 in
422 995 541 1022 monte
571 987 730 1021 Gaurino

53 1050 244 1077 nascuntur
273 1053 342 1085 qua
371 1042 469 1075 Baias
504 1048 538 1074 et
566 1040 730 1073 Puteolos

54 1103 298 1142 prospectant;
319 1107 401 1140 ergo
421 1095 525 1139 longe
545 1106 561 1125 a
580 1093 731 1139 Pelignis

55 1149 143 1194 agris
169 1148 308 1182 distant.
333 1147 441 1182 Marsi
469 1159 552 1180 vero
580 1146 731 1192 Pelignis

55 1210 136 1236 sunt
156 1201 264 1235 vicini
281 1213 289 1234 τ
306 1209 441 1247 partem
462 1200 597 1234 faciunt
618 1200 731 1245 regio-

55 1254 110 1289 nis
124 1254 217 1288 illius
230 1266 307 1301 quae
322 1253 453 1288 dicitur
464 1253 627 1287 Abruzze.
639 1253 731 1286 Tum

56 1309 94 1341 in
123 1307 214 1341 vinis
239 1306 462 1341 nominandis
488 1314 521 1340 et
546 1305 731 1340 laudandis

57 1359 218 1394 ordinem
235 1359 421 1406 quemdam
440 1360 609 1394 bonitatis
623 1367 656 1393 et
672 1371 731 1392 ex-

57 1413 225 1447 cellentiae
240 1414 348 1447 Poeta
369 1413 529 1447 servavit.
548 1417 592 1447 At
609 1412 730 1446 Massi—

58 1479 138 1500 cum
160 1467 300 1508 vinum,
319 1465 416 1512 quod
431 1465 621 1512 Campania
641 1466 732 1499 inter

57 1519 211 1565 optima,
233 1520 420 1553 Falernum
441 1533 474 1553 v.
495 1532 526 1565 g.
548 1518 708 1552 Setinum
721 1543 730 1558 ‚

58 1572 308 1606 Surrentinum
340 1572 516 1606 nominari
551 1570 731 1605 debuerat.

59 1626 232 1660 Caeterum
256 1638 327 1659 non
352 1624 590 1671 spernendum
611 1625 734 1659 Marsi-

59 1691 137 1713 cum
151 1705 160 1720 ‚
178 1678 223 1713 de
244 1691 314 1725 quo
333 1679 521 1714 Athenaeus
540 1691 548 1712 :
576 1696 589 1709 «
607 1677 732 1711 Marsi·-

789 841 867 862 cum
885 827 984 861 valde
1000 836 1174 861 austerum
1192 835 1225 860 et
1241 827 1374 860 conferi
1394 835 1463 860 sto-

790 881 924 915 macho.
935 897 947 909 ·
956 881 1050 914 Tum
1062 880 1183 913 Horat.
1196 880 1312 913 Carm.
1330 879 1464 922 II[‚0d.

790 945 911 978 x1v‚17
923 934 994 975 :«I‚
1008 942 1087 979 pete
1105 941 1327 978 unguentum
1338 959 1346 973 ‚
1363 946 1461 978 puer,

791 996 826 1021 et
842 998 987 1020 coronas
1006 987 1051 1019 Et
1069 985 1194 1019 cadum
1213 986 1320 1019 Marsi
1339 999 1466 1019 memo-

789 1052 862 1073 rem
886 1038 1013 1079 duelli,
1037 1039 1242 1084 Spartacum
1267 1039 1293 1071 si
1316 1052 1383 1084 qua
1404 1053 1465 1084 po*

791 1094 858 1127 tuit
888 1100 1071 1138 vagantem
1104 1093 1237 1126 Fallere
1264 1100 1364 1126 testa.
1386 1110 1397 1121 »
1418 1115 1454 1118 -

791 1146 906 1179 Mittat
930 1145 1040 1178 orbata
1071 1145 1147 1178 MS.
1183 1145 1317 1178 Beverl.
1339 1145 1465 1183 Vides,

791 1200 936 1239 Lector,
956 1199 1094 1244 quantis
1114 1198 1312 1232 rationibus
1330 1198 1467 1232 evinca-

792 1260 851 1286 tur
863 1253 956 1286 lectt.
972 1265 1056 1298 quas
1072 1252 1315 1298 Manuscripto
1330 1252 1465 1285 Beverl.

793 1305 981 1339 tribuimus
993 1331 1001 1347 ,
1016 1305 1058 1338 ab
1077 1305 1137 1338 illo
1157 1305 1271 1346 fonte,
1290 1318 1353 1338 nec
1370 1318 1387 1338 a
1409 1306 1468 1338 Bc-

793 1357 949 1392 verlandi
982 1358 1090 1404 ipsius
1119 1358 1278 1403 ingenio,
1311 1370 1348 1391 re
1387 1370 1466 1391 vera
1491 1378 1496 1382 -

791 1411 981 1457 profluere.

848 1479 880 1499 2.
896 1465 970 1499 Non
982 1473 1025 1498 tu.
1037 1464 1274 1510 Suppledzere.
1290 1451 1470 1510 Signiffcat

793 1517 938 1551 domino
951 1516 1104 1552 bibenda
1119 1518 1200 1551 vina
1216 1518 1329 1551 multo
1346 1518 1467 1551 melio-

792 1584 842 1604 ra.
864 1571 978 1604 Nimis
996 1571 1092 1604 enim
1109 1579 1247 1605 austera
1269 1579 1369 1604 erant
1388 1571 1468 1604 vina

792 1625 940 1658 Marsica
953 1637 1060 1670 quam
1076 1632 1134 1657 aut
1146 1623 1293 1657 domino
1310 1632 1370 1657 aut
1386 1637 1471 1657 con-

793 1677 986 1712 vivantium
998 1677 1237 1712 illustrissimis
1252 1677 1466 1711 biberentur.

628 1815 900 1872 CXXII.

644 1961 888 1990 ACETUM.

132 2075 370 2121 AMPHORA
397 2072 554 2119 Niliaci
578 2090 668 2117 non
693 2074 746 2117 sit
772 2073 850 2117 tibi
875 2071 969 2116 vilis
993 2073 1125 2125 aceti3

200 2146 326 2189 Esset
354 2161 489 2205 quum
515 2145 687 2197 vinum,
706 2143 833 2188 vilior
859 2142 930 2187 illa
957 2142 1048 2187 fuit.

131 2261 278 2336 Mauffi]
300 2266 501 2326 ἀτιμάσῃς
520 2266 716 2309 Numam
739 2266 972 2325 ἀμφιφορῆα

203 2333 341 2386 Οξευς·
362 2334 462 2386 οἶνος
483 2338 553 2379 ἐὼν
577 2338 686 2379 ἔσκεν
709 2335 961 2396 ἀτιμότερος.

120 2469 150 2490 1.
174 2458 336 2502 Amphora
366 2458 497 2491 Niliaci.
528 2460 676 2492 Acetum
700 2470 741 2491 ex

64 2510 145 2543 vino
158 2511 324 2555 AEgyptio
343 2511 538 2544 confectum
559 2511 671 2544 carius
691 2518 742 2544 est

65 2575 169 2608 quam
184 2564 305 2596 vinum
323 2575 363 2596 ex
381 2575 451 2608 quo
468 2563 525 2603 fit;
543 2563 629 2597 illud
647 2564 740 2597 enim

65 2615 179 2648 debile
191 2625 220 2649 et
235 2616 570 2661 pcssimumjuven.
581 2616 648 2649 Sat.
660 2629 741 2655 xur,

805 2458 897 2493 85:«
920 2457 1123 2502 Pharioque
1145 2456 1316 2490 madentis
1341 2466 1469 2491 aceto...

858 2523 890 2543 2.
920 2511 999 2542 Vim·
1027 2510 1166 2543 exhibet
1196 2508 1274 2542 cod.
1302 2510 1337 2541 iu
1369 2524 1475 2557 marg.

803 2563 857 2597 ed.
890 2563 967 2596 Par.
998 2565 1107 2607 1617,
1137 2571 1168 2595 et
1192 2563 1239 2596 sic
1260 2563 1343 2595 alios
1363 2563 1474 2609 legero

802 2625 919 2649 immet
939 2616 1113 2650 Schrevel.
