2044 3292
889 221 951 263 Μ.
975 221 1116 264 VAL.
1156 222 1544 266 MARTIALIS

1106 370 1329 427 LVIII.

1015 528 1083 556 AD
1121 528 1418 557 ALAUDAM.

579 651 975 696 ANCiLLAmoLUM
1002 661 1077 694 tua
1102 661 1143 694 te
1168 661 1299 695 vocat
1325 667 1459 706 uxor,
1486 661 1529 695 et
1558 652 1650 713 ipsa

647 720 934 765 Lecticariola
963 731 1029 766 est
1050 738 1059 764 ε
1086 723 1212 778 estis,
1238 721 1432 778 Alauda,
1455 738 1596 783 pares.

567 871 593 891 1.
620 859 887 900 Ancillariolum,
908 867 976 894 etc.
994 859 1101 903 Quod
1123 873 1184 894 an-

508 912 602 944 cillas
631 920 833 946 sectaretur.
857 911 927 946 Sed
954 920 989 946 et
1017 922 1185 947 matronae

509 966 628 997 Romae
656 978 714 998 eos
740 965 903 999 dicebant
931 966 1185 1010 ancfflariolos,

509 1017 570 1063 qui
591 1018 686 1051 nulla
707 1019 819 1053 nobili
845 1019 953 1053 amica
974 1033 1010 1053 se
1031 1020 1186 1054 fecerant

509 1071 674 1116 insignes.
689 1072 810 1105 Senec.
827 1071 871 1105 de
883 1072 1006 1107 Benef.
1023 1074 1083 1106 lib.
1098 1074 1132 1115 I,
1150 1086 1183 1118 9.

565 1137 597 1157 2.
623 1125 832 1158 Lecticariola
858 1133 922 1165 est,
953 1135 1020 1160 etc.
1039 1126 1129 1168 Quae
1149 1139 1185 1160 se

508 1177 690 1222 prostituit
720 1178 827 1212 servis
861 1179 1016 1212 lecticam
1051 1180 1184 1213 succol-

508 1230 670 1264 lantibus.
689 1230 782 1265 Vide
797 1232 952 1265 Turneb.
974 1232 1034 1266 lib.
1050 1233 1156 1266 XXX
1173 1259 1182 1273 ‚

1244 873 1321 906 cap.
1337 863 1395 895 26.
1411 861 1556 902 Nescio,
1568 873 1612 893 an
1625 860 1808 894 mulierem
1822 861 1924 895 istam

1244 914 1367 959 probri
1393 922 1428 947 et
1450 913 1633 947 dedecoris
1660 914 1763 947 tacite
1790 922 1922 960 arguat.

1245 967 1335 1000 Nam
1356 968 1392 1000 in
1413 967 1546 1001 lecticis
1565 975 1600 1000 et
1618 966 1709 1000 sellis
1726 967 1796 1000 suis
1819 967 1924 1000 vehe-

1244 1021 1377 1054 bantur
1401 1019 1616 1066 quandoque
1641 1020 1742 1053 hellae
1761 1020 1828 1053 illae
1849 1032 1923 1053 ma-

1245 1081 1357 1107 tronae
1380 1074 1485 1119 paulo
1507 1072 1705 1114 incautius,
1726 1082 1784 1106 aut
1806 1072 1925 1118 potius

1244 1127 1404 1160 consulto
1427 1138 1500 1160 sese
1526 1124 1762 1172 inspiciendas
1788 1126 1923 1171 praebe-

1243 1180 1329 1213 hant
1346 1182 1412 1219 τοῖς
1427 1179 1750 1223 τυχοῦσι.-Ρανε.ς;
1770 1179 1903 1213 Gallice
1915 1205 1925 1218 ,

1243 1245 1324 1265 vous
1340 1239 1402 1265 e‘tes
1420 1234 1440 1264 ὰ
1456 1233 1538 1266 deux
1556 1232 1595 1265 de
1606 1233 1672 1276 jeu.
1691 1232 1759 1265 En.

1130 1369 1297 1425 LIX.

775 1522 838 1549 DE
878 1521 1221 1551 IMPORTUNIS
1260 1521 1617 1550 BASIATORIBU
1631 1522 1664 1549 S.

717 1649 946 1692 TANTUM
967 1647 1042 1690 dat
1064 1647 1139 1690 tibi
1161 1648 1304 1690 Roma
1324 1647 1544 1691 basiorum

719 1720 822 1762 Post
851 1735 988 1762 annos
1017 1717 1148 1762 modo
1176 1717 1422 1778 quindecim
1448 1733 1646 1772 reverso,

720 1790 950 1846 Quantum
977 1789 1135 1833 Lesbia
1159 1805 1248 1832 non
1273 1787 1393 1832 dedit
1414 1786 1602 1832 Catullo.

719 1862 779 1904 Te
812 1860 968 1904 vicinia
999 1869 1115 1914 tota,
1143 1868 1185 1903 te
1210 1858 1373 1920 pilosus

719 1931 904 1974 Hircoso
929 1931 1087 1991 premit
1110 1929 1259 1974 osculo
1283 1929 1476 1973 colonus.

569 2084 599 2104 1.
622 2072 772 2111 Tantum,
790 2077 856 2103 etc.
875 2068 968 2102 Vide
982 2069 1065 2102 huic
1081 2069 1187 2114 gemi-

509 2137 595 2158 num
613 2124 676 2157 lib.
698 2124 765 2165 XI,
786 2123 895 2169 epigr.
920 2135 1043 2155 xcvnI.

565 2178 598 2211 3.
634 2177 795 2221 Quantam
824 2175 950 2209 Lesbia.
985 2174 1111 2208 Catulli
1142 2173 1186 2207 de

510 2231 574 2264 hac
595 2243 633 2263 re
653 2242 772 2263 versus
793 2228 998 2273 lepidissimi
1023 2227 1185 2261 omnibus

507 2282 552 2317 ad
571 2295 716 2316 manum
729 2291 821 2316 sunt.
841 2281 990 2315 Solitum
1003 2289 1117 2314 autem
1128 2292 1187 2325 pe-

507 2349 607 2382 regre
629 2334 814 2369 redeuntes
837 2334 939 2368 basiis
960 2334 1091 2379 excipi,
1106 2333 1186 2366 satis

505 2398 632 2423 notum
646 2396 707 2422 est.
728 2388 794 2421 Hic
813 2401 889 2421 mos
910 2386 1184 2432 antiquissimus,

506 2450 542 2476 et
557 2441 722 2476 Israelitis
738 2453 879 2486 quoque
893 2440 1048 2474 usitatus.
1063 2438 1132 2472 Sed
1149 2439 1183 2471 in

507 2496 576 2528 hoc
597 2495 716 2528 osculo
733 2495 826 2527 anim
841 2492 885 2526 ad
901 2491 1066 2526 vertenda
1081 2492 1184 2525 etiam

506 2547 653 2582 lionoris
672 2556 706 2581 et
721 2546 949 2580 observantiae
969 2554 1070 2582 nota,
1094 2545 1183 2577 Rab-

506 2601 599 2634 hinis
620 2602 813 2634 observata.
839 2599 908 2632 Diu
932 2597 1088 2631 obtinuit
1110 2597 1182 2631 liaec

505 2652 733 2687 consuetudo.
746 2652 814 2686 Sed
826 2661 860 2686 et
873 2650 1089 2685 discedentes
1100 2677 1109 2691 ‚
1124 2658 1181 2683 aut

1247 2067 1386 2113 longius
1411 2066 1555 2112 aliquod
1583 2068 1647 2100 iter
1675 2066 1901 2112 suscipientes
1917 2092 1926 2108 ,

1246 2121 1375 2154 amicos
1390 2120 1650 2153 osculabantur.
1669 2119 1803 2153 Plinius
1813 2120 1924 2153 Pane-

1244 2173 1364 2218 gyrico
1386 2185 1394 2205 :
1419 2172 1556 2207 Gratum
1577 2181 1646 2205 erat
1671 2175 1812 2212 cunctas,
1843 2172 1929 2218 quod

1245 2226 1395 2260 Senatum
1411 2225 1515 2258 osculo
1533 2228 1688 2271 exciperes
1702 2253 1709 2266 ‚
1732 2234 1767 2258 ut
1781 2225 1923 2258 dimissui

1245 2279 1350 2312 osculo
1367 2279 1492 2321 fueras.
1518 2279 1703 2312 Persarum
1724 2279 1829 2312 etiam
1851 2278 1925 2311 haec

1245 2331 1463 2365 consuetudo
1476 2332 1569 2365 inter
1581 2333 1655 2370 τοὺς
1669 2333 1843 2376 συγγενεῖς.
1859 2331 1927 2364 He-

1245 2383 1485 2419 ralatvidend.
1500 2397 1639 2430 quoqu(²
1657 2384 1774 2417 lib.VI
1787 2411 1796 2425 ‚
1812 2384 1921 2429 epigr.

1247 2451 1363 2479 xxxw,
1380 2451 1431 2472 vs.
1454 2450 1487 2481 7.

1300 2492 1332 2524 5.
1358 2491 1493 2523 Hircoso
1512 2492 1645 2534 premit,
1675 2497 1740 2523 etc.
1763 2488 1899 2522 Foetido
1913 2514 1922 2529 ‚

1246 2544 1333 2576 male
1353 2543 1460 2576 olenti
1482 2542 1619 2576 hircum
1638 2542 1831 2576 axillarum.
1853 2542 1923 2575 Ba-

1242 2599 1295 2629 slt's
1317 2596 1495 2628 olt'dtksimis
1516 2594 1607 2629 dixit
1628 2596 1769 2629 Petron.
1790 2595 1920 2640 impuri

1243 2648 1377 2682 scilicet
1400 2648 1482 2682 oris.
