1901 3259
293 252 877 296 EPIGRAMMATUM
914 251 1041 293 LIB.
1083 251 1232 293 XIII.

1381 248 1472 309 139

611 403 936 460 LXXXV

581 561 922 589 coaAchs.
949 540 967 556 *

136 688 363 730 PRINCEPS
390 684 547 730 Niliaci
572 685 759 745 raperis,
782 684 996 727 Coracine.
1012 719 1022 737 ‚
1050 682 1219 728 macelli
1239 701 1250 734 ς

204 755 369 801 Pellaeae
397 756 517 816 prior
546 764 610 799 cst
638 753 775 815 gloria
803 752 920 798 nulla
947 753 1069 815 gulae.

135 892 370 956 Πρεσὲεύων
392 894 561 948 Νείλου,
583 894 787 953 Κορακῒν’,
809 889 1003 953 ἁρπάζεαι
1023 891 1144 952 ὄψων·

203 969 295 1017 Τοῖς
315 967 474 1016 Πέλλης
490 965 640 1024 λίχνοις
661 961 759 1006 ἄλλο
782 981 822 1006 τι
842 966 885 1005 οὐ
907 971 1101 1024 προτερεῖ.

118 1102 319 1140 'Coracium
345 1106 528 1151 AEgyptius
546 1104 660 1150 piscis,
679 1102 739 1149 qui

66 1172 174 1205 quum
185 1159 315 1193 Graecis
328 1159 568 1192 nominaretur
580 1157 676 1202 κόραξ
686 1155 741 1189 vel

65 1215 225 1258 κορακῖνος
241 1209 326 1252 (non
343 1220 381 1245 ut
397 1211 540 1257 quidam
560 1209 740 1245 credidere

66 1266 132 1299 ἀπὸ
160 1269 216 1298 τοῦ
244 1263 397 1304 διηνεκῶς
423 1267 524 1309 κινεῖη
545 1264 604 1303 τὰς
626 1264 742 1308 κόρας,

66 1318 119 1351 vel
140 1318 231 1363 παρὰ
252 1320 288 1352 τὸ
310 1320 396 1363 χορὸν
420 1319 456 1351 τὸ
480 1313 621 1364 μέλαν),
641 1317 740 1351 iden-

66 1370 175 1404 tidem
204 1371 298 1417 apud
317 1371 460 1405 Latinos
487 1385 594 1405 cor-vus
619 1371 740 1417 appel-

65 1424 154 1458 latus
193 1425 272 1458 fuit.
291 1425 409 1457 Vilem
443 1437 520 1457 eum
554 1425 741 1458 Athenaeus

65 1477 186 1510 scribit
206 1490 248 1511 ex
270 1477 446 1523 Amphide
464 1489 472 1510 :
490 1470 589 1516 ὅστις
612 1480 740 1523 κορακῖ-

65 1543 115 1563 νον
140 1531 234 1564 ἐσθίει
259 1535 428 1564 θαλάττιον
458 1532 600 1564 Γλαύκου
622 1531 741 1576 παρόν-

66 1596 138 1624 τος,
159 1578 248 1624 οὗτος
270 1586 324 1618 οὐκ
342 1585 407 1628 ἔχει
428 1585 551 1629 φρένας.
572 1583 627 1618 Sic
646 1583 741 1629 apud

67 1635 230 1670 eumdem
256 1637 463 1670 Athenaeum
495 1636 581 1670 dicit
607 1637 740 1670 Arche-

66 1696 191 1722 stratus
205 1693 403 1734 φαυλότατον
416 1692 590 1736 κορακῖνον.
602 1691 646 1723 At
658 1690 743 1723 utri-

67 1753 134 1786 que
146 1743 342 1776 contrarius
357 1743 488 1776 Plinius
501 1743 562 1776 lib.
580 1744 631 1776 IX
642 1769 651 1784 ,
664 1755 738 1789 cap.

72 1795 137 1836 18,
161 1795 199 1827 in
228 1797 383 1841 AEgypto
406 1796 619 1830 Coracinum
651 1797 740 1841 opti·

66 1858 164 1880 mum
183 1860 255 1881 esse
271 1856 430 1882 testatur.
448 1849 514 1883 En.

125 1913 138 1933 1
149 1927 155 1933 .
174 1901 305 1934 Niliaci.
317 1928 323 1934 .
337 1929 343 1936 .
354 1929 360 1935 .
377 1928 383 1934 .
398 1928 404 1935 .
420 1903 568 1936 marcelli.
587 1902 643 1936 Sic
658 1902 737 1936 cod.

806 1103 943 1137 Thuan.
965 1112 999 1137 et
1021 1103 1098 1137 cod.
1125 1104 1161 1137 in
1189 1116 1294 1148 marg.
1320 1102 1373 1136 ed.
1399 1103 1478 1137 Par.

812 1158 921 1201 1617.
952 1157 1087 1190 Niliacis
1116 1157 1254 1189 macellis
1275 1155 1353 1189 Ald.
1384 1156 1481 1189 Junt.

808 1209 923 1242 Colin.
939 1232 993 1236 -—
1011 1211 1135 1243 Niliaci
1153 1210 1286 1243 macelli.
1309 1209 1386 1242 Hoc
1416 1217 1483 1249 est,

806 1263 923 1296 nullus
965 1263 1071 1308 piscis
1113 1262 1294 1296 delicatior
1335 1262 1485 1295 habetur

806 1315 1042 1358 Alexandriae,
1060 1329 1135 1362 quae
1154 1324 1205 1349 est
1221 1316 1302 1349 urbs
1320 1314 1482 1361 JEgypti,

805 1369 928 1402 Pellaea
953 1368 1046 1403 dicta
1069 1370 1112 1402 ab
1138 1367 1336 1403 Alexandro
1359 1366 1483 1401 condi-

807 1431 900 1465 tore,
923 1424 983 1470 qui
1014 1424 1087 1469 ipse
1111 1423 1254 1456 Pellaeus
1280 1421 1485 1454 nominatur

807 1489 824 1509 a
842 1477 936 1510 Pella
955 1478 1042 1510 urbe
1062 1475 1278 1510 Macedoniae
1301 1474 1361 1507 ubi
1383 1482 1484 1506 natus

807 1538 867 1563 est.
889 1531 1022 1564 Plinius
1037 1530 1099 1562 lib.
1120 1529 1278 1562 XXXII:
1302 1527 1485 1561 «Coracini

807 1583 918 1628 pisces
928 1583 1010 1617 Nilo
1025 1582 1166 1629 quidem
1183 1581 1375 1628 peculiares
1388 1588 1485 1613 sunt:

808 1637 869 1671 sed
886 1649 949 1670 nos
958 1637 1033 1670 haec
1045 1636 1208 1670 omnibus
1221 1635 1324 1668 terris
1339 1633 1484 1667 demon-

808 1697 966 1724 stramus.
983 1707 995 1718 u

865 1757 896 1777 2.
917 1744 966 1776 Es
982 1740 1059 1776 cod.
1078 1739 1282 1775 Beverland.
1303 1748 1336 1773 et
1352 1738 1428 1772 cod.
1449 1738 1484 1770 in

809 1809 916 1841 marg.
938 1794 1021 1828 edit.
1045 1794 1152 1827 Paris.
1179 1796 1352 1838 1617.—
1372 1792 1487 1826 Gloria

808 1850 907 1882 nullu.
935 1848 1011 1881 Hoc
1036 1855 1105 1888 est,
1126 1847 1257 1880 nullius
1285 1845 1388 1891 piscis
1411 1845 1485 1877 laus

807 1910 902 1938 tanta
914 1909 963 1934 est
974 1910 1011 1934 ut
1025 1900 1157 1946 gratior
1173 1900 1216 1933 sit
1230 1897 1482 1932 Alexandrinis.

588 2038 961 2096 LXXXVL

670 2192 884 2222 ECHINUS.

136 2302 238 2344 ISTE
259 2299 358 2344 licet
382 2300 539 2360 digitos
564 2301 780 2346 testudine
809 2310 978 2362 pungat
1003 2310 1154 2354 acuta,

209 2371 383 2414 Cortice.
414 2371 612 2432 deposito
642 2371 784 2416 mollis
812 2372 993 2416 echinus
1018 2372 1112 2414 erit.

136 2509 185 2551 Εἰ
205 2509 271 2579 >soil
290 2509 559 2570 ἀκανθοφόρου
578 2513 770 2571 κελύφους
791 2509 871 2555 ἄπο
894 2506 1083 2554 δάκτυλοι
1103 2514 1255 2562 κεντεῖ,

209 2565 396 2639 όςρακον
418 2575 534 2631 ἐκδὺς
554 2584 660 2641 ὅμως
682 2584 772 2631 ἕςαι
792 2584 918 2641 ἐχῖνος
939 2578 1075 2642 ἁςρός.

126 2711 157 2732 2.
176 2698 301 2732 Cortice
315 2701 465 2745 deposito.
480 2701 556 2734 Hoc
569 2711 638 2743 est,
659 2711 743 2736 testa

67 2751 207 2796 spinosa
227 2751 567 2786 devulsa.-—Moll1's.
586 2754 661 2788 Hoc
676 2763 744 2795 est,

804 2703 903 2735 cibus
926 2702 990 2735 erit
1013 2700 1178 2734 delicatus
1208 2708 1239 2733 et
1262 2699 1485 2732 tenerrimam

804 2767 941 2788 carnem
966 2753 1231 2787 convivantibus
1248 2753 1428 2798 praebebit,
