1901 3259
275 267 855 314 EPIGRAMMATUM
894 271 1017 313 LIB.
1058 271 1194 313 XIV.
1366 287 1451 332 ¹77

650 420 860 475 XXII.

509 556 1003 605 DENT150ALP1um.*

125 698 398 742 menscum
430 697 582 741 melius
608 715 614 740 :
644 698 717 742 sed
747 700 780 743 si
806 699 882 742 tibi
914 699 1093 743 frondea
1118 702 1259 762 cuspis

193 767 419 821 Defuerit,
446 767 596 812 dentes
625 785 767 828 penna
799 768 943 813 levare
974 779 1132 830 potest.

126 898 187 950 Εκ.
212 907 345 968 σχίνου
373 909 442 966 μὲν
471 907 628 967 ἄμεινον
655 906 700 951 ἂν
727 907 786 955 ἦν·
811 909 842 951 εἰ
865 904 904 951 δ’
926 912 969 952 οὐ
993 905 1107 959 ξύλον
1130 911 1232 964 ἐςὶν,

195 978 397 1035 Κουφίσαι
422 979 585 1037 πτερίνη
615 979 675 1021 σοὶ
704 980 772 1021 τὸν
795 974 948 1022 ὀδόντα
971 981 1124 1039 γλυφίς.

111 1110 127 1123 '⁵
157 1116 418 1160 Dentiscalpium.
457 1116 735 1149 lustramentum
795 1117 866 1157 VI,
883 1129 940 1162 ep.
957 1129 1075 1159 LXXIV,
1091 1117 1110 1150 3
1127 1130 1134 1150 :
1153 1117 1347 1164 «Foditque
1364 1120 1471 1155 tonsis

58 1168 107 1202 sic
124 1169 166 1202 ab
183 1181 250 1202 usu
266 1169 500 1214 appellatum3
517 1168 649 1214 quippe
664 1181 736 1214 quo
798 1181 858 1203 ora
880 1170 955 1202 laxa
972 1169 1136 1203 lentiscis.
1150 1187 1164 1200 »
1178 1171 1271 1204 Plin.
1286 1171 1348 1206 lib.
1363 1172 1450 1206 XIV
1464 1186 1471 1206 :

59 1221 436 1267 circumpurgabantur
455 1220 586 1255 (lentes.
606 1221 658 1254 Ex
680 1221 736 1254 di·
797 1222 1001 1267 «Optimam
1029 1223 1335 1270 tenuissimamque
1360 1225 1473 1270 picem

60 1274 168 1308 versis
186 1286 271 1309 vero
293 1274 468 1316 materiis,
486 1286 634 1319 quarum
654 1287 735 1320 pre·
796 1273 953 1308 fundunt
977 1275 1137 1316 lentisci,
1164 1289 1270 1322 quam
1292 1286 1326 1311 et
1356 1279 1475 1313 masti-

61 1327 222 1362 tiosiores
236 1327 320 1368 illae,
341 1327 408 1361 illae
424 1327 586 1369 viliores,
608 1327 738 1361 confla-
797 1340 861 1361 cen
882 1337 1041 1363 vocant.»
1063 1329 1172 1363 Erant
1190 1330 1248 1363 alii
1269 1343 1310 1364 ex
1330 1331 1475 1376 pennis,

60 1381 176 1415 batur.
196 1381 243 1414 Et
267 1380 423 1426 primum
451 1379 592 1425 quidem
620 1392 660 1413 ex
687 1393 738 1413 ar·
799 1381 923 1427 saepius
943 1381 1070 1415 rubris.
1091 1382 1157 1415 En.

62 1441 167 1478 gento
199 1433 317 1466 aliisve
351 1433 511 1466 metallis.
537 1433 740 1466 Trimalcio-
858 1446 888 1468 1.
908 1435 1058 1468 Frondea
1076 1437 1189 1481 cuspis.
1212 1436 1365 1470 Lentisci
1383 1437 1475 1470 scili-

63 1496 143 1519 n'em
160 1486 209 1520 ait
221 1485 406 1519 Petronius
424 1484 545 1519 dentes
559 1486 625 1519 sibi
641 1486 740 1532 spina
800 1495 868 1520 eet.
892 1486 975 1526 vid.
1006 1501 1103 1534 supr.

64 1546 227 1584 argentea
255 1538 454 1585 perfodere.
479 1539 624 1572 Maximi
657 1539 743 1573 aesti-
856 1553 890 1573 2.
919 1541 1059 1574 Desierit
1087 1540 1165 1575 cod.
1192 1541 1398 1575 Beverland.
1428 1564 1479 1568 —-

64 1600 156 1625 mata
186 1599 264 1636 post
293 1591 471 1624 metallum
497 1590 539 1625 ad
562 1592 637 1625 haec
659 1603 743 1625 con·
808 1593 926 1626 Penna.
958 1594 1027 1627 Alii
1050 1597 1161 1639 pinna.
1188 1593 1281 1628 Vide
1306 1594 1368 1627 lib.
1400 1595 1453 1627 III
1469 1619 1479 1634 .‚

64 1643 215 1678 ficienda
235 1644 402 1677 lentiscus
429 1644 555 1686 arbor3
579 1653 614 1677 et
637 1657 679 1677 ex
706 1657 744 1678 ea
804 1645 913 1691 epigr.
947 1659 1067 1680 Lxxxn
1097 1660 1105 1679 :
1137 1647 1391 1693 «Suggeritque
1419 1659 1481 1680 ru-

67 1697 195 1731 factum
207 1698 632 1737 instrumentum‚neutro
642 1709 745 1741 gene·
805 1699 913 1732 etanti
939 1699 1071 1733 Pinnas
1097 1701 1278 1740 rubentes,
1305 1698 1482 1745 cuspides·

66 1762 123 1791 re,
145 1751 305 1782 lentiscum
327 1748 662 1795 appellabatur-‚Vid.
682 1749 744 1782 lib.
807 1762 873 1794 que
897 1751 1045 1784 lentisci.
1065 1770 1078 1781 ›-

650 1886 905 1941 XXIII.

567 2041 991 2070 AURISCALPIUM.

142 2167 188 2211 S1
220 2165 298 2209 tibi
327 2181 501 2208 morosa
531 2166 752 2225 prurigine
783 2165 1001 2209 verminat
1029 2168 1165 2219 auris,

214 2237 346 2280 Arma
376 2235 529 2278 damus
559 2236 690 2278 tantis
720 2245 821 2295 apta
850 2235 1111 2280 libidinibus.

146 2376 197 2419 Εἴ
225 2392 268 2418 σε
294 2377 455 2435 κνισμὸς
482 2377 607 2418 ἔπεισι
635 2376 850 2434 χαλέπτων
876 2373 985 2431 ὦτα,
1012 2371 1162 2435 δίδωμι

203 2433 335 2489 Εντεα
363 2446 570 2494 τοιαύταις
598 2442 747 2504 ἅρυενα
769 2450 1021 2505 γαργαλιαῖς.

136 2594 167 2615 1.
188 2582 357 2627 Pon-igine
375 2582 450 2616 MS.
473 2581 690 2617 Beverlandi.
705 2605 752 2609 —
811 2583 870 2616 hic
882 2607 890 2619 ,
905 2582 967 2616 sed
980 2595 1044 2628 pro
1054 2609 1063 2625 ‚
1077 2582 1259 2617 titillatur:
1274 2584 1341 2618 alio
1354 2585 1486 2631 quippe

82 2634 119 2666 V
115 2638 258 2668 ermt'nat.
282 2635 359 2670 Hoc
378 2643 428 2669 est
439 2660 448 2675 ‚
470 2643 654 2680 torquetur
674 2647 753 2669 ver·
812 2635 970 2669 remedio
986 2647 1091 2682 quam
1108 2636 1317 2682 auriscalpio
1333 2650 1421 2683 opus
1437 2650 1486 2672 es·

81 2687 198 2720 mihus
227 2700 234 2720 :
267 2701 336 2734 quo
367 2700 467 2721 sensu
500 2700 572 2721 non
604 2688 753 2721 sumitur
813 2696 863 2721 set
877 2687 920 2721 ad
938 2687 1131 2721 curandum
1145 2689 1242 2722 hunc
1258 2689 1430 2724 morbum.

154 2761 243 2801 III.
1227 2776 1243 2804 1
1259 2777 1282 2804 2
