1901 3259
344 230 925 275 EPIGRAMMATUM
962 230 1085 273 LIB.
1124 230 1262 273 XIV.

1398 228 1483 273 181

666 381 913 438 XXIX.

662 515 917 566 CAusiA.'‘

159 660 213 703 ΙΝ
233 658 499 719 Pompeiano
523 667 663 702 tectus
683 658 889 719 spectabo
910 657 1106 713 theatr03

226 730 341 773 Nam
370 738 526 773 ventus
555 727 719 790 populo
745 727 840 772 vela
864 744 1024 789 negare
1049 726 1171 772 solet.

140 863 155 878 ⁴
166 869 209 901 In
225 867 437 914 quibusdam
453 867 534 902 edd.
554 867 759 902 inscribitur

89 920 253 966 Causapa;
262 920 357 955 unde
366 921 584 966 suspicantur
595 920 758 966 Gausapa.

48 992 51 995 -
87 974 224 1019 Lipsius
237 986 313 1019 cap.
330 988 342 1006 ι
351 976 371 1008 8
384 973 428 1006 de
441 973 700 1019 amphitheatro
713 973 761 1007 sic

87 1026 235 1072 explicat
249 1038 257 1060 :
272 1027 410 1072 Duplex
425 1026 467 1060 iis
480 1026 585 1060 etiam
602 1034 740 1071 tegmen
752 1053 760 1068 ‚

85 1079 159 1113 sive
171 1079 273 1125 pilei,
292 1079 364 1113 sive
384 1079 556 1113 umbellae.
575 1079 662 1112 Pilei
682 1079 760 1124 qui-

86 1130 168 1166 dem
181 1132 391 1174 Thessalici,
411 1140 451 1166 ut
469 1145 575 1178 supra
590 1144 631 1165 ex
648 1131 761 1166 Dione

86 1185 212 1227 retuli,
234 1198 339 1232 quem
355 1184 520 1219 eumdem
541 1197 622 1219 cum
644 1194 761 1230 petaso

87 1237 213 1284 aliquis
231 1239 364 1272 fecerit.
384 1239 448 1273 Usi
468 1247 502 1273 et
520 1239 692 1283 gau-sapis,
717 1250 760 1271 an

86 1294 194 1324 causta
212 1291 290 1325 loco
308 1291 402 1325 illius
421 1291 534 1337 pilei?
555 1291 644 1325 Nam
666 1291 761 1324 varia

87 1343 159 1378 haec
177 1344 214 1377 in
231 1344 392 1378 Martiale
407 1345 512 1378 lectio
527 1341 577 1384 (et
593 1343 675 1376 citat
693 1344 761 1377 hoc

85 1391 296 1440 distichum)
319 1396 488 1442 significat
509 1396 658 1438 diserte,
678 1409 760 1430 usu-

85 1462 166 1483 rum
188 1462 224 1483 se
245 1458 397 1495 tegmme
418 1462 544 1483 causiae
562 1457 683 1482 contra
704 1462 758 1482 so-

86 1502 172 1541 lem,
194 1503 222 1535 si
245 1510 369 1535 ventus
388 1500 568 1535 invidisset
586 1502 671 1534 vela.

144 1567 174 1588 1.
192 1555 313 1588 Tactus.
331 1555 525 1589 «Gruterus
541 1554 669 1588 eMSS.
686 1554 761 1599 qui-

85 1607 230 1642 busdam
245 1608 327 1653 legit
343 1616 440 1641 tecum
454 1621 464 1640 .·
476 1616 508 1641 et
521 1608 681 1642 observat
694 1620 757 1652 pro

820 880 860 901 eo
880 866 975 914 quod
991 862 1159 901 habemus
1170 893 1179 909 ,
1199 867 1285 901 Nam
1302 874 1412 899 ventus
1426 894 1434 906 ,
1458 867 1493 900 in

820 929 892 966 opt.
915 919 1035 955 codice
1051 932 1123 954 esse
1145 919 1320 952 Mandatus
1336 932 1347 959 ,·
1365 931 1405 952 ex
1423 931 1492 964 quo

819 974 1004 1007 Salmasius
1016 998 1027 1015 ,
1047 973 1214 1006 Mammas
1227 986 1239 1006 :
1257 985 1359 1018 posse
1379 981 1494 1006 tamen

819 1035 852 1059 et
873 1026 1046 1059 Mandatus
1059 1025 1217 1059 retineri.
1235 1043 1248 1056 u
1265 1025 1391 1059 Schrev.
1406 1025 1496 1058 Nam

820 1079 966 1112 mandam
986 1086 1021 1112 et
1042 1086 1178 1111 mantum
1201 1077 1378 1111 dicebant·
1403 1077 1496 1119 Qui,

818 1132 951 1177 inquit,
963 1139 1137 1165 mantatus
1149 1139 1217 1171 est,
1231 1131 1267 1164 in
1279 1131 1495 1175 Pompeiano

819 1185 957 1219 theatro
969 1211 979 1226 ‚
1001 1185 1076 1218 vela
1094 1184 1227 1230 populo
1249 1184 1335 1217 solet
1354 1195 1497 1228 negare,

819 1238 946 1283 quibus
966 1238 1040 1283 ipse
1061 1250 1134 1270 non
1157 1235 1301 1282 indiget.
1324 1236 1414 1270 Nam
1433 1236 1496 1281 qui

818 1299 938 1325 manto
957 1298 1066 1324 tectus
1085 1298 1135 1323 est
1147 1315 1156 1331 ,
1174 1302 1274 1334 aequo
1294 1289 1411 1322 animo
1430 1289 1498 1321 fert

821 1344 892 1377 vela
907 1352 1029 1389 negata
1043 1343 1190 1389 populo.
1205 1343 1293 1376 Vela
1310 1350 1424 1375 autem
1439 1353 1498 1374 ne-

820 1405 895 1442 gata
918 1396 1146 1437 dicebantur,
1167 1408 1244 1441 quae
1265 1396 1401 1428 theatro
1422 1406 1494 1427 non

818 1449 1099 1483 intenderentur.
1120 1448 1220 1482 Idem
1240 1447 1408 1481 Martialis
1430 1446 1496 1480 alio

818 1502 897 1535 loco
908 1528 918 1542 ,
928 1503 979 1535 IX
993 1528 1002 1543 ‚
1017 1514 1135 1540 xxxm,
1151 1504 1170 1534 6
1185 1513 1193 1533 :
1211 1518 1223 1530 κ
1237 1502 1280 1534 Et
1293 1501 1429 1545 rapiant
1442 1511 1495 1533 ce-

818 1555 907 1588 leres
928 1555 1001 1588 vela
1019 1563 1141 1599 negata
1164 1554 1282 1586 Noti.»
1296 1552 1493 1586 -Salmas.

824 1608 935 1640 Tecum
959 1615 991 1639 ct
1014 1608 1180 1640 ‚lIantatus
1202 1606 1334 1651 recepit
1350 1605 1492 1638 Barhon.

690 1749 896 1804 XXX.

631 1898 948 1927 VENABULA.

158 2023 411 2066 ExcwfflNT
437 2037 588 2081 apros,
615 2021 1012 2081 exspectabuntque
1044 2020 1207 2073 leones3

227 2092 461 2135 Intrabunt
489 2107 634 2146 ursos,
660 2092 714 2135 sit
743 2091 876 2136 modo
908 2091 1034 2135 firma
1066 2107 1233 2135 manus.

157 2221 339 2292 Ᾰρκτους
359 2225 612 2285 ἐκδέξασθαι,
635 2230 852 2290 ὑφίςασθαί
874 2248 918 2274 τε
935 2232 1102 2282 λέοντας

229 2289 378 2362 Ᾰρκια,
397 2309 465 2353 σῦς
484 2319 529 2345 τε
548 2303 688 2362 μένειν·
710 2301 793 2362 χεὶρ
817 2303 934 2362 μόνον
956 2302 1140 2361 ἰσχυέτω.

152 2452 181 2473 1.
210 2440 391 2486 Excipient.
417 2441 601 2474 Venabula
632 2440 763 2474 scilicet

88 2504 165 2538 quae
181 2501 264 2527 sunt
277 2493 445 2528 venaticae
460 2494 585 2536 hastae,
604 2494 687 2533 tela,
706 2494 761 2527 vel

89 2545 237 2591 spicula.

145 2612 175 2631 2.
188 2599 311 2632 Firma.
326 2598 418 2632 Illud
422 2598 520 2643 firma
533 2612 552 2632 a
565 2598 766 2633 Glossatore

90 2650 206 2696 aliquo
239 2652 438 2697 profectum
472 2651 581 2686 credit
616 2654 695 2686 Anti
731 2653 768 2685 da

822 2441 925 2486 Rooy,
947 2448 981 2474 et
999 2448 1083 2473 cerea
1107 2439 1349 2486 reponendum
1384 2447 1501 2485 putam

823 2492 920 2539 quod
935 2506 1015 2527 sane
1035 2493 1211 2539 elegantiae
1225 2493 1303 2537 plus
1316 2493 1434 2526 habet.
1450 2514 1498 2519 -—

825 2546 876 2580 Sit
896 2547 986 2580 modo
999 2545 1110 2591 firma.
1137 2545 1243 2579 Secus
1271 2545 1364 2578 onim
1393 2546 1501 2578 ictum

827 2599 1044 2634 declinarent
1068 2599 1139 2632 ursi
1168 2606 1201 2631 et
1226 2598 1364 2639 leones,
1394 2606 1427 2631 et
1449 2610 1505 2631 ve-

827 2661 983 2686 natorem
1007 2653 1119 2696 ipsum
1143 2650 1357 2685 invaderent=

1215 2707 1297 2759 12³
