2044 3292
522 218 585 263 70
893 204 953 246 M.
977 205 1056 247 VA
1068 205 1118 248 L.

1158 204 1552 248 MARTIALIS

1090 356 1353 413 LXXV.

1044 513 1112 539 DE
1157 493 1408 542 vulnus*

729 639 762 680 F
765 652 960 681 ESTlNAT
981 635 1222 697 Polytimus
1244 637 1299 681 ad
1322 637 1508 698 puellas,

730 708 900 751 Invitus
926 723 1111 768 puerum
1141 707 1302 752 fatetur
1329 710 1552 769 Hymnus,

730 780 878 822 Pastas
902 777 1058 839 glande
1080 787 1203 822 nates
1226 778 1359 823 habet
1378 779 1627 833 Secundus3

731 848 873 893 Mollis
903 849 1149 910 Dindymus
1178 859 1265 903 est,
1291 849 1365 894 sed
1390 866 1482 894 esse
1504 867 1593 894 non
1617 849 1731 902 vult,

731 919 952 980 Amphion
979 921 1121 980 potuit
1144 919 1287 980 puella
1317 921 1447 965 nasci.

730 992 900 1034 Horum
931 989 1105 1034 delicias
1117 1026 1128 1045 ,
1151 991 1484 1052 superbiamque
1497 1027 1508 1045 ,

732 1062 788 1104 Et
813 1061 948 1105 fastus
977 1060 1205 1122 querulos,
1231 1062 1393 1117 amice,
1414 1061 1553 1115 malo,

731 1134 876 1189 Quam
900 1132 1012 1176 dotis
1035 1132 1140 1175 mihi
1163 1132 1392 1193 quinquies
1418 1132 1603 1177 ducena.

577 1261 587 1276 '
611 1267 659 1299 De
676 1268 782 1310 pueris
800 1266 951 1308 formosis
978 1263 1032 1298 ed.
1059 1264 1198 1298 Barbou.

580 1331 608 1352 1.
627 1320 783 1359 Festinat,
803 1327 867 1352 etc.
886 1319 1081 1364 Polytimus
1097 1331 1198 1364 gran-

521 1371 600 1405 dior
619 1381 670 1406 est
688 1381 723 1407 et
743 1372 909 1406 exoletus.

579 1438 611 1459 2.
634 1427 790 1472 Hypnus,
814 1425 859 1459 de
880 1438 950 1471 quo
971 1433 1091 1467 antea,
1114 1436 1198 1458 con·

519 1478 648 1524 jicitV.
668 1481 711 1514 D.
733 1480 769 1512 in
789 1491 896 1525 marg.
914 1477 968 1512 ed.
986 1479 1064 1512 Par.
1088 1480 1199 1522 1617.

523 1553 574 1558 —
586 1533 706 1565 Invitus
720 1546 865 1578 puerum,
886 1532 1034 1566 etc.Vix
1053 1532 1199 1572 fatetur,

521 1597 650 1630 negans
668 1585 736 1619 sihi
753 1598 825 1619 esse
844 1586 1028 1631 voluptati.

578 1639 613 1672 3.
639 1640 755 1672 Pastas
772 1639 904 1683 glande,
927 1647 991 1672 etc.
1016 1636 1201 1671 Βαλανοὲό-

521 1704 603 1736 ρους,
613 1692 708 1737 qnod
722 1691 811 1725 dixit
823 1693 996 1737 Diogenes
1007 1690 1050 1724 de
1064 1690 1199 1724 cinaedo

521 1744 688 1790 quodam.
710 1746 776 1778 Hic
796 1753 911 1778 autem
928 1745 1036 1790 glans,
1058 1755 1119 1777 seu
1138 1744 1199 1785 βοί-

520 1802 635 1840 λανον,
657 1807 708 1832 est
729 1800 763 1832 τὸ
791 1803 846 1832 τοῦ
864 1802 978 1831 καυλοῦ
1003 1798 1108 1843 ἄκρον.
1130 1797 1201 1830 Ubi

521 1862 593 1884 non
616 1851 829 1898 pinguitudo
850 1852 949 1897 pueri
968 1850 1199 1897 significatur3

522 1903 582 1937 sed
606 1906 736 1950 pathici
762 1905 1024 1950 effeminatique
1046 1902 1201 1948 impudi-

522 1957 614 1991 citia.
639 1960 796 1991 Acumen
824 1959 918 1991 enim
941 1970 1061 1991 sensus
1087 1965 1137 1990 est
1162 1957 1198 1990 in

524 2009 679 2045 dictione
710 2012 871 2056 ambigua
900 2011 1031 2056 glande,
1063 2022 1130 2056 qua
1155 2011 1200 2043 si-

523 2063 708 2108 gnificatur
724 2077 802 2110 pars
819 2065 981 2098 obscoena
998 2063 1199 2108 genitalium

521 2117 693 2150 virorum.
710 2118 804 2151 Salse
821 2130 902 2163 ergo
920 2116 1024 2158 dicit,
1042 2129 1120 2149 eum
1137 2116 1199 2149 ha-

522 2169 606 2204 bere
622 2180 719 2205 nates
735 2169 858 2217 glande
874 2179 1003 2216 pastas:
1018 2178 1198 2215 tamquam

522 2224 725 2258 subactione
752 2225 809 2257 illa
834 2232 1046 2270 praepostera
1072 2235 1199 2256 concu-

523 2275 619 2319 bini,
641 2277 746 2311 veluti
773 2277 873 2318 cibo,
894 2286 990 2310 nates
1016 2288 1198 2322 pasceren-

522 2336 592 2363 tur.
605 2331 793 2364 Beroaldus.
797 2329 1019 2364 —Eamdem
1032 2330 1201 2363 acuminis

520 2384 715 2428 nequitiam
726 2383 900 2418 notaveris
908 2384 944 2416 in
953 2383 1201 2428 epigrammate

520 2434 590 2470 hoc
613 2436 736 2471 Graeco
756 2435 924 2482 anonjmi
944 2435 1152 2480 cujusdam:
1173 2443 1200 2469 A

521 2491 555 2527 ὑς
575 2489 635 2523 τὰν
655 2491 805 2532 βάὶανον,
824 2489 881 2522 *btv
903 2490 960 2534 μὲν
980 2490 1030 2532 ἔχε
1018 2503 1067 2531 ι,
1089 2488 1147 2521 τὰν
1168 2485 1200 2520 8⁷

525 2543 635 2587 ἔραται
655 2542 764 2576 λαῧεῖν
784 2558 789 2564 ·
812 2548 855 2576 X'
876 2543 896 2575 ἁ
923 2544 1026 2588 πορνὰ
1048 2543 1198 2584 βὰλ-,ανω

524 2594 581 2628 τὰν
607 2596 662 2640 μὲν
687 2598 773 2640 ἔχει,
795 2598 853 2630 τάν
877 2592 910 2627 θ’
935 2597 1048 2640 ἔραται
1078 2593 1198 2628 λαβεῖν,

526 2647 612 2687 Qum
633 2649 878 2683 Chorianibica
903 2649 1018 2683 latinis
1045 2649 1201 2682 hexame-

1258 1265 1320 1298 tris
1333 1265 1361 1298 si
1374 1265 1549 1298 invertere
1565 1264 1752 1310 placuerit,
1770 1265 1913 1299 habebis
1927 1279 1935 1299 ;

1264 1335 1277 1347 «
1294 1318 1394 1351 Hanc
1414 1326 1531 1359 vorat,
1546 1319 1705 1364 hancque
1727 1318 1824 1363 cupit
1840 1318 1935 1364 glan-

1259 1370 1338 1404 dem
1351 1384 1406 1405 sus
1422 1370 1565 1405 horrida
1577 1384 1584 1405 :
1599 1370 1762 1417 glandem
1773 1371 1829 1404 Sic
1839 1379 1938 1405 vorat

1258 1424 1349 1458 hanc
1389 1425 1555 1459 meretrix
1570 1451 1580 1466 ‚
1609 1425 1769 1471 hancque
1801 1437 1938 1458 vorasse

1259 1478 1369 1523 cupit.
1383 1495 1395 1506 »

1315 1535 1348 1570 4.
1370 1531 1480 1564 Mollis
1504 1531 1696 1578 Dindjmus,
1726 1539 1792 1565 etc.
1820 1531 1935 1564 Lasci-

1258 1596 1323 1616 vus
1344 1593 1393 1617 est
1413 1592 1447 1617 et
1469 1596 1640 1629 nequam:
1658 1583 1719 1619 sed
1741 1583 1939 1618 dissimulat

1260 1645 1293 1670 et
1311 1638 1426 1682 rogari
1443 1637 1530 1670 vult.

1315 1691 1346 1723 5.
1365 1692 1479 1723 Potuit
1491 1692 1599 1736 puella
1615 1693 1713 1724 nasci.
1734 1691 1867 1724 Formae
1887 1699 1937 1724 est

1259 1743 1345 1776 adeo
1362 1744 1547 1789 ambiguae,
1560 1752 1594 1777 et
1608 1744 1682 1789 ipse
1696 1742 1817 1777 facilis.
1834 1742 1937 1777 Haud

1259 1797 1410 1830 inultum
1437 1798 1479 1831 ab
1506 1797 1571 1831 hac
1602 1797 1774 1831 sententia
1799 1795 1937 1830 abludit

1260 1851 1436 1884 Ausonius
1448 1850 1485 1883 in
1502 1849 1622 1896 lepido
1635 1850 1883 1896 epigrammate
1893 1849 1937 1883 de

1260 1912 1407 1937 venusto
1429 1903 1692 1937 adolescentulo
1709 1916 1744 1936 :u
1762 1905 1855 1937 Dum
1875 1903 1937 1937 du-

1259 1957 1345 1990 bitat
1359 1965 1499 1997 natura,
1513 1969 1643 1990 marem
1658 1958 1830 1990 faceretne
1842 1957 1938 2002 puel-

1259 2010 1344 2051 lam,
1379 2011 1503 2044 Factus
1529 2023 1583 2050 es,
1610 2023 1631 2043 ο
1660 2010 1810 2056 pulcher
1838 2022 1938 2055 paene

1258 2063 1373 2108 puella
1389 2076 1511 2109 puer.»
1527 2063 1647 2096 Horat.
1664 2064 1699 2096 II
1712 2089 1720 2104 ,
1737 2062 1797 2096 od.
1815 2062 1832 2097 5
1848 2088 1858 2105 ,
1878 2076 1937 2106 πυ,

1260 2116 1308 2149 sic
1338 2115 1381 2149 de
1411 2117 1510 2162 Gyge
1542 2116 1675 2151 Gnidio
1688 2143 1697 2158 ,
1729 2134 1741 2145 «
1763 2117 1877 2158 Quem
1909 2117 1935 2150 si

1255 2170 1431 2214 puellarum
1472 2171 1642 2204 insereres
1676 2169 1785 2203 choro
1800 2195 1810 2210 ‚
1847 2169 1938 2203 Mire

1259 2235 1394 2268 sagaces
1414 2223 1548 2257 falleret
1569 2224 1722 2269 hospites
1742 2222 1936 2257 Discrimen

1260 2276 1448 2309 obscurum
1475 2277 1599 2310 solutis
1621 2276 1810 2317 Crinibus,
1836 2276 1936 2309 ambi-

1259 2342 1393 2375 guoque
1410 2330 1514 2363 vultu.
1537 2330 1604 2363 ΕΙ).

1315 2385 1348 2416 8.
1371 2383 1476 2426 Quam
1496 2383 1596 2423 doth,
1618 2390 1683 2415 etc.
1711 2381 1828 2423 Quam
1850 2394 1936 2414 uxo-

1260 2447 1336 2468 rem
1371 2448 1451 2469 cum
1487 2435 1644 2469 maximae
1680 2433 1773 2468 dotis
1809 2433 1937 2475 modo,

1261 2486 1376 2521 decies
1418 2488 1550 2522 scilicet
1585 2488 1740 2522 centenis
1782 2488 1937 2521 millibus

1261 2541 1467 2574 sestertium.
1492 2540 1577 2575 Vid.
1607 2543 1676 2575 tab.
1697 2549 1934 2579 monetarum,

1261 2593 1303 2626 ad
1321 2595 1448 2628 calcem
1468 2595 1572 2639 primi
1589 2594 1800 2636 Voluminis,
1815 2602 1853 2627 ut
1865 2596 1935 2638 jam

1261 2660 1350 2693 saepe
1370 2647 1532 2682 diximus.
1566 2649 1629 2681 En.
