2044 3292
496 249 587 300 104

859 245 922 287 M.
944 244 1084 287 VAL.
1123 243 1519 288 MARTIALIS

1067 392 1315 448 XXIV.

1049 548 1328 576 CYDONIA.

557 677 602 720 S1
632 674 710 719 tibi
733 673 949 734 Cecropio
976 681 1168 716 saturata
1194 671 1393 733 Cydonia
1421 671 1548 716 melle

627 746 872 798 ponentur,
901 742 1020 786 dicas
1051 742 1143 786 haec
1174 741 1392 787 melimela
1418 741 1534 786 licet.

556 878 604 920 Εἰ
627 879 760 937 μέλιτι
788 876 985 936 μεθύοντα
1014 870 1191 918 κυδώνιά
1215 893 1277 926 τις
1304 875 1498 936 παραθείη

625 947 693 991 Σοί
716 964 841 1000 ποτε,
871 952 1005 990 ταῦτα
1031 951 1164 990 καλεῖν
1193 946 1255 990 σοὶ
1282 946 1484 1007 μελίμηλα
1509 945 1630 1005 θέμις.

543 1095 572 1115 1.
590 1081 739 1126 Cecropio
771 1080 869 1112 melle.
898 1079 976 1112 Jam
1004 1078 1159 1112 vidimus

483 1133 617 1168 laudari
642 1147 714 1180 prae
741 1133 872 1167 caeteris
893 1131 989 1178 apud
1013 1133 1160 1166 Veteres

483 1189 639 1222 Atticum
673 1187 741 1220 mel
770 1186 806 1219 in
836 1186 1005 1231 Hymetto
1044 1192 1160 1219 monte

482 1249 604 1276 natum
618 1266 627 1282 ‚
646 1241 701 1273 cui
723 1240 836 1273 solum
858 1238 983 1272 merito
1003 1239 1160 1272 confere-

482 1295 586 1328 batur
608 1293 677 1326 mel
699 1305 739 1326 ex
763 1292 877 1338 Hybla
899 1299 1020 1324 monte
1048 1291 1083 1324 in
1107 1291 1159 1325 Si-

482 1347 572 1381 cilia.
583 1345 667 1380 Vid.
682 1345 725 1378 de
738 1345 806 1379 hoe
821 1345 986 1378 Nostrum
998 1370 1007 1385 ‚
1027 1344 1089 1378 lib.
1106 1345 1157 1385 II,

483 1400 594 1446 epigr.
618 1411 724 1439 χιι-η
746 1398 806 1431 lib.
831 1398 876 1437 V,
897 1397 1006 1443 epigr.
1031 1410 1159 1439 xxx1x;

482 1453 543 1486 lib.
566 1453 657 1493 VII,
677 1451 787 1497 epigr.
805 1462 985 1491 Lxxxv1113
1005 1450 1067 1482 lib.
1084 1451 1135 1483 IX
1151 1477 1160 1491 ‚

482 1505 592 1551 epigr.
611 1516 728 1545 xxvn;
751 1503 811 1536 lib.
832 1504 865 1535 X
879 1529 888 1543 ,
904 1502 1013 1548 epigr,
1032 1515 1160 1544 Lxx1v3

481 1559 544 1592 lib.
574 1558 644 1598 XI,
665 1557 773 1602 epigr.
807 1568 901 1597 xum
928 1554 972 1588 de
999 1556 1078 1597 illo,
1098 1556 1159 1589 lib.

482 1611 554 1644 VII
567 1637 576 1653 ,
615 1610 723 1656 epigr.
763 1620 921 1642 Lxxxvnr
935 1634 943 1649 ‚
981 1608 1042 1642 lib.
1081 1609 1132 1641 XI
1150 1634 1159 1649 ‚

481 1676 580 1703 κιῐῐ,
599 1663 658 1696 lib.
677 1662 766 1695 XIII
779 1687 787 1702 ,
810 1661 920 1707 epigr.
940 1673 1009 1694 mv.
1028 1662 1160 1694 Notum

480 1729 565 1751 vero
584 1715 713 1749 dictam
729 1727 747 1747 a
765 1714 923 1759 Cecrope
942 1713 1160 1747 Athenarum

480 1768 666 1804 conditore
681 1776 714 1801 et
728 1767 843 1813 primo
861 1778 943 1812 rege
958 1767 1108 1800 Atticam
1126 1774 1160 1800 et

480 1820 656 1869 quidquid
675 1821 710 1854 in
731 1833 769 1853 ea
786 1820 853 1852 fuit
872 1819 1084 1865 Cecropium
1100 1846 1107 1861 ‚
1127 1828 1161 1853 et

480 1876 612 1910 incolas
623 1872 1068 1919 Cecropidas—Saturam.
1081 1873 1159 1906 Hoc

481 1937 552 1969 est,
575 1927 678 1961 melle
709 1927 867 1966 incocta,
891 1934 929 1958 ut
954 1924 1058 1959 docet
1085 1926 1160 1959 fuse

481 1994 523 2016 ex
542 1981 674 2015 Catone
688 1979 842 2019 Plinius,
857 1975 1036 2023 (Bip.)lib.
1059 1979 1105 2019 X,
1126 1991 1157 2012 c.

485 2047 500 2068 1
510 2046 548 2079 7:
566 2033 650 2066 «His
660 2032 819 2078 proxima
829 2029 1063 2076 amplitudine
1071 2031 1159 2064 mala

479 2100 557 2134 quae
590 2097 752 2119 vocamus
783 2083 958 2125 Cotonea,
989 2092 1022 2117 et
1046 2084 1159 2118 Graeci

481 2139 644 2186 Cydonia
659 2164 668 2180 ‚
686 2150 727 2172 ex
748 2138 852 2171 Creta
871 2136 983 2170 insula
1000 2135 1154 2170 advecta.

480 2194 686 2227 Incurvatos
707 2190 851 2224 trahunt
875 2201 1010 2231 ramos,
1036 2190 1158 2235 prohi-

479 2247 636 2292 bentque
661 2256 814 2278 crescere
835 2251 1031 2288 parentem.
1052 2243 1157 2276 Plura

479 2312 600 2333 eorum
618 2309 754 2344 genera.
767 2296 994 2342 Chrysomela
1007 2323 1015 2337 ‚
1029 2296 1156 2330 incisu-

478 2352 528 2387 ris
547 2351 710 2385 distincta
723 2375 732 2392 ‚
752 2349 869 2383 colore
887 2348 933 2383 ad
954 2361 1079 2382 aurum
1102 2349 1155 2382 in-

478 2405 621 2440 clinato.
639 2404 727 2446 Quae
740 2401 961 2443 candidiora,
978 2399 1155 2436 Nostratia

477 2458 744 2505 cognominata,
771 2455 889 2489 odoris
912 2455 1155 2500 praestantissi-

478 2512 540 2546 mi.
557 2528 570 2541 ι,
598 2510 697 2543 Dicta
720 2517 836 2542 autem
859 2516 942 2541 suut
967 2507 1112 2554 Cydonia
1137 2520 1156 2542 a

478 2564 645 2612 Cydone,
657 2563 745 2596 urbe
760 2563 882 2596 Cretae.
899 2561 1066 2602 Serenus,
1080 2573 1154 2606 cap.

483 2622 529 2658 πά
545 2629 553 2651 :
572 2618 665 2650 «Aut
677 2615 754 2662 quis
768 2627 870 2661 poma
883 2614 1009 2661 Cydon
1021 2614 1156 2648 Creteis

480 2670 574 2704 misit
603 2670 645 2702 ab
670 2669 775 2702 oris.»
803 2667 1005 2702 Mollissima
1037 2676 1154 2702 autem

1221 1081 1296 1113 lana
1322 1088 1412 1113 tecta
1442 1080 1588 1112 Romam
1609 1078 1896 1120 advehebantur,

1219 1145 1264 1166 ne
1285 1145 1350 1178 per
1367 1133 1459 1166 viam
1478 1131 1688 1166 laederentur
1703 1140 1762 1165 aut
1776 1140 1897 1178 putre-

1218 1193 1365 1219 scerent.
1378 1186 1458 1232 Ipse
1478 1197 1628 1230 namque
1644 1185 1817 1219 Martialis
1832 1184 1894 1218 lib.

1219 1239 1272 1279 X,
1293 1238 1496 1285 epigramm.
1519 1250 1614 1279 xL11,
1631 1250 1683 1272 vs.
1706 1250 1736 1279 1,
1759 1251 1776 1270 2
1796 1246 1830 1272 et
1847 1237 1867 1271 3
1886 1248 1896 1270 :

1224 1309 1237 1321 u
1253 1292 1340 1325 Tam
1369 1289 1476 1324 dubia
1495 1299 1544 1325 est
1564 1292 1692 1336 lanugo
1716 1290 1798 1332 tibi,
1826 1299 1896 1323 tam

1219 1345 1351 1386 mollis,
1383 1353 1423 1378 ut
1449 1339 1543 1379 illam
1568 1344 1703 1377 Halitus
1723 1351 1757 1377 et
1786 1344 1897 1384 soles,

1221 1405 1253 1430 et
1274 1398 1358 1431 levis
1378 1410 1459 1431 aura
1483 1405 1582 1431 terat.
1601 1397 1769 1431 Celantur
1788 1396 1896 1430 simili

1219 1460 1368 1484 ventura
1400 1450 1564 1497 Cydonia
1595 1449 1686 1483 lana.
1709 1467 1722 1479 ι»
1758 1450 1896 1483 Doceut

1218 1513 1385 1549 praeterea
1401 1502 1445 1537 de
1461 1503 1626 1537 Cotoneis
1646 1503 1744 1536 malis
1760 1502 1896 1536 Platina

1219 1557 1386 1590 Cremon.
1417 1556 1477 1589 lib.
1508 1557 1565 1598 II,
1599 1567 1674 1600 cap.
1710 1568 1753 1589 20
1784 1553 1829 1588 de
1858 1567 1895 1588 re

1226 1610 1366 1643 cibaria.

1274 1677 1305 1696 2.
1333 1663 1429 1695 Licet.
1459 1662 1650 1694 Thuaneus
1683 1660 1793 1694 codex
1821 1661 1895 1705 pla-

1219 1723 1297 1748 cent.
1314 1732 1326 1743 «
1341 1715 1516 1748 Fir-matur
1529 1726 1566 1747 ea
1583 1714 1689 1748 lectio
1703 1726 1743 1747 ex
1757 1712 1895 1747 Isidoro

1219 1768 1343 1810 XVII,
1381 1781 1401 1812 7
1433 1767 1602 1812 origin„
1632 1766 1820 1800 Bam-land.
1843 1788 1897 1792 —-

1219 1820 1391 1854 Melimela.
1418 1820 1525 1862 Quasi
1560 1832 1688 1865 nempe
1720 1819 1895 1854 diceretur

1219 1875 1289 1918 μέλι
1317 1875 1371 1907 καὶ
1392 1877 1504 1919 μῆλον,
1522 1874 1590 1907 hoc
1609 1881 1659 1906 est
1680 1872 1807 1914 latine,
1826 1872 1895 1905 mel

1219 1934 1253 1959 et
1273 1939 1441 1972 pomum,
1463 1934 1522 1959 aut
1546 1926 1574 1959 si
1595 1938 1666 1959 uno
1689 1925 1798 1959 verbo
1819 1936 1895 1958 rem

1218 1980 1340 2013 efferas
1353 2005 1362 2020 ‚
1378 1979 1550 2012 mellitum
1570 1991 1726 2024 pomum.
1743 1977 1893 2011 —Mihi

1218 2031 1371 2074 videtur,
1383 2045 1455 2065 non
1468 2031 1626 2078 ejusdem
1642 2031 1779 2076 generis
1794 2030 1894 2064 meli-

1217 2085 1306 2118 mela
1329 2085 1436 2118 fuisse
1454 2093 1487 2118 et
1507 2084 1667 2129 Cydonia
1681 2110 1690 2125 ,
1708 2091 1743 2116 et
1764 2082 1894 2117 idcirco

1218 2138 1337 2171 lusisse
1357 2138 1450 2171 circa
1471 2138 1577 2171 verba
1598 2137 1807 2170 Martialem.
1831 2136 1894 2170 Ni-

1216 2191 1345 2224 mirum
1372 2190 1407 2224 vi
1433 2203 1496 2224 sua
1518 2189 1667 2236 quadam
1689 2189 1839 2224 naturali
1860 2197 1895 2223 et

1215 2252 1339 2289 sponte
1360 2243 1534 2277 melimela
1562 2243 1719 2289 sapiunt,
1748 2241 1811 2276 sed
1833 2254 1894 2276 co·

1215 2305 1371 2342 quuntur
1401 2297 1437 2330 in
1467 2296 1570 2330 melle
1605 2295 1894 2342 Cydonia.Tunc

1216 2357 1333 2384 autem
1343 2349 1438 2395 finge
1448 2349 1512 2383 tibi
1523 2349 1675 2395 aliquem
1684 2349 1758 2382 haec
1770 2348 1829 2382 alii
1838 2348 1894 2382 vel

1215 2411 1453 2449 apponentem
1474 2403 1528 2436 vel
1558 2402 1794 2448 porrigentem
1807 2426 1817 2443 ,
1838 2399 1893 2434 di-

1215 2467 1293 2490 cere
1311 2480 1320 2494 ,
1354 2456 1409 2489 En
1435 2455 1584 2501 accipito
1611 2455 1805 2494 melimela3
1833 2465 1890 2487 re·

1215 2508 1401 2554 spondebit
1423 2509 1508 2543 alter
1524 2535 1533 2551 ‚
1554 2508 1730 2543 Melimela
1741 2533 1756 2549 ,.
1774 2519 1867 2541 erras
1883 2506 1891 2539 !

1217 2561 1379 2607 Cydonia
1390 2562 1571 2596 surm—N
1573 2575 1618 2595 on
1629 2573 1722 2603 erro;
1730 2559 1893 2606 Cydonia

1215 2623 1297 2649 sunt
1326 2615 1427 2649 mella
1457 2615 1586 2656 tincta,
1608 2613 1768 2660 Cydonia
1787 2610 1891 2659 poma

1214 2668 1365 2709 mellita,
1386 2681 1467 2714 ergo
1488 2669 1660 2713 με).ίμ.ηλα.
