1901 3259
343 206 934 250 EPIGRAMMATUM
974 207 1097 249 LIB.
1136 206 1274 248 XIV.

1420 221 1513 265 277

642 357 970 416 CXCVII.

581 513 738 542 MULAE
779 492 1044 541 PUM1LAE.⁴‘

180 638 264 681 Hls
289 637 366 681 tibi
389 636 442 681 de
465 636 591 681 mulis
618 654 706 681 non
732 648 795 682 est
819 637 1050 681 metuenda
1075 637 1224 687 ruina;

250 706 386 751 Altius
415 708 459 751 in
483 717 597 751 terra
622 724 742 769 paene
770 708 917 751 sedere
943 707 1064 751 soles.

178 848 246 891 Σοὶ
267 849 336 907 μὲν
357 850 425 906 ἀφ’
445 850 614 908 ’ἡμιόνων
640 855 794 891 τοῢτων
816 852 858 891 οὐ
882 843 1007 891 δεινὸν
1035 846 1079 890 ἂν
1104 849 1160 894 εἴη

246 920 422 976 Πτῶμα·
450 920 578 978 χᾳμαὶ
605 913 643 959 δ’
668 914 760 969 ἵζοις
787 925 928 978 μικροῦ
952 916 996 960 ἂν
1020 917 1212 976 ὑψιτέρω.

162 1055 176 1069 '¹
187 1056 334 1089 Pomilioe
351 1054 432 1089 edd.
449 1055 526 1089 Ald.
545 1056 645 1089 Junt.
660 1056 778 1089 Colin.

110 1108 237 1154 Delph.
253 1108 400 1142 Farnab.
419 1109 578 1142 Pomilliae
597 1107 652 1142 ed.
672 1109 778 1142 Paris.

115 1174 128 1195 1
139 1164 158 1195 6
168 1174 181 1194 1
191 1174 224 1206 7.
240 1162 366 1194 Paullae
381 1160 576 1195 Scriverius
587 1186 598 1201 ‚
614 1170 647 1196 et
659 1161 708 1195 sic
722 1161 777 1194 ed.

108 1214 252 1248 Bar-boa.

161 1288 212 1293 —
233 1267 275 1300 In
302 1266 416 1313 pretio
446 1267 532 1300 olim
558 1267 684 1300 hahitae
712 1280 778 1312 pu-

109 1319 190 1352 mila
214 1328 344 1353 statura
365 1320 467 1353 mulae
482 1345 490 1361 ,
517 1320 674 1353 mannuli
697 1319 778 1353 item

109 1384 195 1417 quos
205 1372 319 1418 parvis
332 1372 451 1406 liberis
461 1373 679 1417 potentiores
694 1384 781 1405 eme-

108 1425 210 1465 bant,
227 1434 267 1459 ut
285 1438 326 1459 ex
342 1425 487 1470 epistola
505 1425 609 1458 Plinii
632 1426 779 1458 minoris

110 1476 154 1510 de
175 1486 286 1512 morte
301 1478 422 1523 Reguli
444 1477 559 1511 discis.

898 1068 926 1089 1.
945 1057 1091 1089 Pumillis
1107 1067 1172 1100 pro
1191 1056 1229 1088 de
1249 1068 1288 1088 m.
1310 1056 1337 1088 F
1340 1056 1465 1089 lorent.

897 1121 929 1142 2.
955 1109 1065 1142 Altius
1086 1111 1119 1141 in
1140 1116 1233 1141 terra.
1261 1109 1375 1149 Quam
1402 1108 1519 1142 sedeas

842 1162 878 1194 in
903 1162 995 1194 mula
1018 1170 1088 1194 tam
1109 1161 1224 1194 brevis
1247 1169 1394 1194 staturae.
1409 1162 1519 1195 —Se-

840 1214 924 1248 dere.
942 1215 1034 1248 Cave
1052 1226 1098 1247 ne
1116 1214 1231 1247 Poetae
1250 1214 1518 1248 subtilissimum

840 1267 945 1300 etiam
986 1267 1022 1300 in
1057 1267 1210 1300 minimis
1244 1279 1388 1300 acumen
1429 1280 1520 1313 prae-

838 1328 970 1354 tereas:
991 1332 1105 1365 neque
1127 1320 1220 1353 enim
1243 1319 1329 1353 dicit
1351 1328 1434 1352 stare
1459 1327 1518 1352 aut

839 1372 934 1417 quod
957 1373 1125 1417 rhythmo
1144 1381 1351 1418 congrueret
1377 1375 1518 1412 stetisse,-

840 1426 937 1470 quasi
953 1424 1101 1459 dubium
1118 1426 1263 1459 minime
1286 1433 1373 1459 esset
1391 1426 1465 1458 fore
1482 1433 1519 1458 ut

841 1486 933 1512 stans
947 1491 1029 1512 vere
1048 1478 1151 1511 altior
1171 1477 1358 1512 videretur.

623 1614 995 1672 CXCVIII.

514 1770 748 1798 CATELLA
788 1770 1116 1799 GALLICANA.

182 1896 406 1937 Dmcms
431 1909 575 1954 parvae
601 1895 634 1937 si
660 1895 723 1936 vis
748 1894 897 1936 audire
923 1892 1109 1947 catellae,

251 1965 453 2008 Narranti
486 1964 628 2006 brevis
659 1973 723 2006 cst
752 1965 908 2025 pagina
939 1973 1028 2007 tota
1060 1964 1178 2007 mihi.

180 2108 381 2165 Είρομένῳ
403 2112 595 2165 τρυφεροῦ
623 2108 818 2155 σκύλακος
843 2109 920 2148 πᾶν
945 2113 1107 2165 ςρῆνος,
1129 2108 1201 2151 ὅλη
1229 2112 1300 2164 μεῢ

251 2176 318 2219 Σοὶ
344 2176 445 2226 σελὶς
476 2171 636 2225 ἐξειπεῖν
664 2174 797 2233 ἄρκιος
824 2179 893 2218 οὐκ
922 2173 964 2217 ἂν
994 2177 1059 2218 ἔοι.

170 2324 200 2344 1.
219 2312 370 2344 Delicias.
390 2310 466 2345 Hoc
481 2318 549 2352 est,
568 2310 733 2344 delicatos
749 2319 782 2343 et

112 2363 246 2410 lepidos
259 2375 392 2404 more5‚
406 2364 668 2408 procacitatem,
679 2375 781 2396 mun-

113 2417 235 2450 ditiam
244 2441 254 2456 ‚
266 2416 439 2450 solertiam
453 2425 488 2449 et
502 2424 637 2450 caetera.
649 2417 784 2449 Deliciae

112 2471 254 2515 proprie
265 2478 348 2502 tunc
358 2467 538 2502 dicebatur
547 2468 592 2502 de
602 2469 644 2502 iis
654 2469 713 2514 qui
725 2468 784 2502 do-

114 2522 210 2556 mino
225 2522 407 2567 gratissimi
431 2530 543 2561 erant3
558 2533 636 2555 mox
649 2520 692 2554 de
711 2521 784 2554 ani·

116 2575 290 2609 mantibus
303 2599 311 2615 ,
329 2583 402 2607 mni
420 2572 462 2606 de
477 2574 561 2607 cibis
572 2582 606 2607 et
621 2575 782 2619 opsoniis.

897 2317 930 2343 2,
946 2311 1055 2343 Brevis
1078 2319 1133 2343 est.
1159 2311 1226 2343 Alii
1240 2336 1249 2352 ,
1264 2314 1369 2355 prima
1392 2321 1457 2351 eat,
1487 2321 1519 2344 et

844 2364 891 2397 sic
908 2362 986 2397 cod.
999 2363 1035 2396 in
1052 2375 1160 2409 marg.
1184 2362 1239 2397 ed.
1256 2363 1333 2397 Par.
1360 2366 1398 2395 16
1410 2376 1465 2407 17,
1482 2365 1518 2396 ni

845 2416 1010 2457 fallimur,
1022 2425 1060 2450 ut
1072 2415 1204 2450 indicet
1212 2417 1366 2462 primum
1378 2416 1520 2454 librum,

845 2482 914 2514 quo
935 2469 1044 2514 epigr.
1067 2482 1127 2509 cx,
1147 2470 1252 2502 Issam
1269 2469 1425 2502 catellam
1452 2469 1519 2501 Pu-

847 2522 908 2554 blii
928 2521 1120 2567 descripsit.
1135 2543 1186 2548 ——
1198 2522 1307 2555 Brevis
1323 2530 1367 2553 est
1382 2524 1517 2565 pagina,

846 2575 977 2608 scilicet
990 2599 998 2614 ‚
1017 2587 1085 2607 non
1104 2574 1242 2606 sufficit.
1266 2575 1358 2606 Dom.

1231 2676 1314 2729 18⁵
