2044 3292
522 205 616 253 252

895 208 956 251 M.
982 208 1121 251 VAL.
1162 207 1553 251 MARTIALIS

1111 354 1330 413 CLIV.

923 513 1071 541 LANAE
1111 511 1521 542 AMETHYSTlNAE.

589 631 736 675 Emm
766 631 953 677 Sidoniae
976 649 1111 694 quum
1137 635 1214 678 sim
1243 633 1297 678 de
1322 635 1530 696 sanguine
1556 635 1754 692 conchae‚

658 702 760 745 Non
789 703 939 758 video,
964 720 1097 765 quare
1123 704 1266 748 sobria
1291 704 1388 748 lana
1411 721 1554 749 vocer.

588 831 768 883 Σιδωνίου
788 847 968 902 τρυφερῷ
988 843 1277 904 μεμεθυσμένον
1301 844 1443 902 αἵματι
1459 843 1629 905 κόγχου,

659 908 791 970 Εἴριον
818 906 1005 972 αὐδῶμαι
1030 912 1143 957 τίπτ’
1168 913 1364 973 ἀμέθυςον
1392 915 1491 973 ἐγώ;

579 1057 609 1079 1.
622 1047 724 1080 Ebria
736 1049 776 1081 de
787 1052 940 1094 sanguine
953 1050 1089 1084 conchae.
1105 1050 1192 1083 Poe·

522 1106 556 1132 ta
576 1098 634 1133 hic
653 1099 796 1135 ludente
815 1102 851 1135 in
872 1102 1081 1149 etymologia
1107 1116 1190 1135 ame-

522 1152 668 1198 thystinae
703 1153 790 1187 lanae
813 1166 821 1187 ε
851 1155 1025 1200 ἀμέθυστος
1056 1156 1192 1189 sobrius

522 1203 654 1239 dicitur
672 1199 686 1249 (
702 1219 720 1240 e
734 1219 846 1252 graeco
863 1220 885 1240 α
903 1209 1027 1254 privat.
1048 1217 1082 1241 et
1100 1210 1194 1254 μέθυ,

524 1253 659 1302 merum)
671 1271 680 1300 ;
692 1267 742 1293 est
755 1261 859 1294 etiam
873 1273 1008 1306 gemma
1021 1274 1097 1307 quae
1111 1274 1195 1307 pur·

524 1322 674 1355 pureum
702 1313 855 1346 colorem
876 1315 991 1348 refert.
1011 1315 1116 1347 Lanae
1141 1326 1196 1347 au-

524 1371 597 1396 tem
621 1365 862 1411 amethystinae
894 1379 1049 1413 purpura
1081 1367 1195 1400 tinctae

524 1414 691 1451 dicuntur
714 1419 760 1451 ob
789 1431 885 1452 suam
911 1432 992 1453 cum
1014 1418 1129 1464 lapide
1148 1419 1193 1453 si-

523 1469 760 1504 militudinem
785 1483 793 1505 :
812 1481 896 1506 tunc
915 1485 998 1506 vero
1022 1471 1195 1518 quodam·

525 1521 632 1556 modo
652 1533 749 1558 erant
770 1525 874 1559 ebriae
891 1525 1049 1559 murice?
1069 1525 1195 1559 Sensus

1251 1062 1332 1096 ergo
1363 1057 1415 1083 est
1446 1061 1453 1082 :
1485 1049 1605 1090 Quum
1637 1048 1755 1083 bibam
1788 1049 1925 1094 sangui·

1252 1115 1333 1136 nem
1369 1102 1532 1144 muricis,
1561 1114 1624 1136 cur
1659 1114 1765 1136 vocor
1789 1101 1925 1136 sobria?

1253 1155 1353 1189 Sidon
1378 1163 1494 1189 autem
1511 1154 1700 1189 Palaestinae
1718 1155 1802 1188 urbs
1821 1154 1925 1187 mari·

1254 1209 1336 1242 tima
1346 1234 1355 1249 ,
1369 1207 1475 1242 hodie
1487 1207 1581 1248 said,
1594 1207 1654 1240 ubi
1667 1219 1789 1252 magna
1803 1215 1837 1240 et
1845 1207 1928 1240 huc-

1254 1261 1415 1295 cinorum
1443 1268 1477 1294 et
1498 1260 1672 1294 muricum
1695 1260 1796 1305 copia
1809 1285 1817 1300 ‚
1836 1271 1926 1305 quq-

1255 1326 1335 1347 rum
1378 1313 1545 1359 sanguine
1589 1313 1686 1347 color
1726 1323 1927 1358 purpureus

1256 1367 1485 1400 efficiebatur.
1505 1365 1589 1399 Vid.
1626 1374 1660 1399 et
1685 1365 1777 1399 conf.
1804 1365 1866 1398 lib.
1893 1365 1926 1405 Ι,

1255 1420 1364 1465 epigr.
1391 1421 1432 1462 L,
1460 1419 1521 1452 lib.
1546 1420 1612 1460 IV,
1633 1419 1742 1464 epigr.
1776 1430 1834 1458 1v;
1865 1417 1926 1450 lib.

1256 1473 1366 1514 VIII,
1389 1472 1500 1517 epigr.
1523 1483 1636 1504 vaul
1651 1497 1660 1513 ,
1681 1479 1714 1505 et
1734 1469 1927 1516 praesertim

1255 1525 1316 1558 lib.
1336 1525 1437 1563 XIII,
1455 1524 1565 1570 epigr.
1586 1536 1742 1558 Lxxxvu·

1149 1660 1193 1717 C
1207 1660 1321 1716 LV.

1036 1818 1190 1847 LANAE

1240 1817 1402 1847 ALBAE.

594 1946 888 1988 VELLERIBUS
918 1945 1066 2005 primis
1097 1942 1270 2003 Apulia,
1293 1943 1448 1985 Parma
1477 1939 1676 1985 secundis

663 2014 830 2059 Nobilis
858 2032 865 2057 :

892 2014 1084 2058 Altinum
1116 2014 1240 2057 tertia
1267 2011 1413 2056 laudat
1439 2012 1544 2055 ovis.

595 2151 748 2208 Πρῶτοι
774 2153 842 2209 μὲν
863 2151 898 2193 οἱ
924 2148 1135 2209 Καλαὲροὶ
1163 2151 1298 2210 ἐρίοις,
1320 2151 1537 2209 μετέπειτα
1559 2142 1601 2189 δὲ
1624 2147 1769 2204 Πάρμη

667 2221 887 2279 Γνώριμος·
917 2221 1138 2281 Εὐγανέους
1161 2225 1184 2267 τ’]
1208 2220 1323 2279 τρίτη
1346 2219 1446 2262 αἰνεῖ
1465 2220 1533 2267 ὄϊς·

583 2355 614 2376 1.
638 2341 819 2374 Velleribus.
841 2342 945 2375 Lanae
963 2342 1047 2375 alhae
1068 2342 1194 2385 primas
1251 2342 1381 2385 primis,
1407 2353 1493 2385 pro,
1515 2336 1831 2377 excellentissimis,
1854 2348 1927 2369 om-

527 2402 620 2429 tenet
662 2394 808 2440 Apulia3
848 2393 1015 2427 secundas
1053 2394 1195 2434 Parma,

527 2447 611 2481 urbs
630 2455 713 2480 nota
734 2446 777 2480 ad
800 2446 953 2488 Padum3
973 2447 1088 2480 tertias
1112 2447 1196 2479 Alti-

527 2513 632 2542 num,
658 2498 756 2546 quod
780 2509 829 2534 est
847 2499 1005 2533 Venetiae
1029 2498 1194 2533 mediter-

528 2565 631 2587 ranea
672 2553 778 2594 urbs,
809 2565 914 2599 quam
941 2552 1195 2586 Villanovanus

533 2606 675 2639 Tot-cello
692 2605 762 2640 dici
781 2606 826 2639 ait
839 2631 847 2647 ‚
867 2618 995 2639 nomen
1011 2606 1124 2639 Altino
1142 2617 1195 2638 re·

530 2659 641 2692 tinere
677 2659 840 2704 putarim.
872 2659 961 2693 Nota
993 2667 1110 2692 autem
1140 2658 1196 2691 hic

1255 2393 1351 2426 nium
1375 2392 1538 2438 optimis,
1559 2404 1596 2425 ac
1615 2390 1754 2424 secundis
1773 2401 1838 2435 pro
1858 2401 1931 2421 om-

1254 2446 1351 2479 nium
1374 2458 1445 2478 uno
1469 2453 1611 2490 excepto
1636 2442 1924 2489 praestantissimis

1255 2507 1319 2532 etc.
1342 2500 1424 2532 item
1446 2498 1566 2543 gallice
1583 2498 1718 2542 premier
1732 2505 1766 2529 et
1788 2494 1913 2527 second.

1312 2564 1343 2585 2.
1376 2551 1514 2584 Laudat.
1535 2550 1604 2583 Pro
1632 2547 1846 2582 laudandum
1868 2545 1928 2579 de-

1257 2612 1444 2645 monstrat,
1462 2603 1561 2649 jubet
1579 2601 1730 2639 laudari,
1755 2599 1930 2645 elegantiae

1257 2657 1470 2691 amatoribus
1492 2653 1723 2690 commendat.
