2044 3292
526 280 616 325 108
890 283 951 324 M.
975 283 1113 327 VAL.
1154 282 1542 326 MARTIALIS

1113 430 1320 490 XXX.

939 583 1150 614 CASEUS
1197 584 1491 615 LUNENSIS.

577 710 757 754 CAsEus
782 710 978 754 Etruscae
1003 710 1196 772 signatus
1219 711 1408 772 imagine
1429 711 1571 754 Lunae

647 779 874 823 Praestabit
899 781 1045 842 pueris
1070 781 1254 842 prandia
1279 779 1397 825 mille
1423 782 1520 825 tuis.

576 919 780 978 Τυρῥηνῆς
801 921 922 982 τυρὸς
945 922 1242 983 κεχαραγμένος
1269 920 1388 964 εἰκόνι
1415 921 1570 970 Λούνης

645 990 770 1034 Παῑσὶ
799 993 1013 1053 χορηγήσει
1042 991 1164 1053 μυρία
1189 985 1334 1036 δεῖπνα
1360 995 1480 1041 τεοῖς.

562 1140 591 1162 1.
625 1129 777 1173 Imagc'ne.
808 1128 987 1164 Etruriam
1020 1130 1112 1164 inter
1148 1138 1183 1163 et
1241 1139 1284 1164 tae
1308 1127 1560 1175 magnitudinis
1573 1154 1583 1171 ‚
1610 1136 1650 1162 ut
1675 1141 1766 1163 unus
1801 1129 1922 1163 multis

502 1181 679 1226 Liguriam
692 1184 789 1215 Lunae
797 1191 908 1227 portus
921 1211 930 1224 ,
955 1182 1060 1216 hodie
1081 1184 1182 1216 Porto
1241 1181 1402 1229 prandiis
1422 1182 1609 1216 sufficeret.
1625 1181 1718 1216 Vide
1745 1182 1921 1223 Plinium,

504 1235 634 1267 Venere.
656 1234 840 1281 Oppidum
856 1237 1071 1270 maritimum
1089 1244 1182 1278 erat,
1241 1236 1304 1270 lib.
1331 1236 1383 1269 XI
1399 1260 1408 1277 ,
1426 1247 1502 1281 cap.
1524 1247 1615 1268 xmr.

503 1286 597 1321 unde
611 1289 759 1322 Romam
772 1289 1002 1324 mittebantur
1011 1290 1099 1324 casei
1110 1298 1180 1323 tan·
1298 1302 1332 1322 2.
1356 1288 1462 1322 Malta
1478 1287 1558 1322 cod.
1575 1288 1709 1322 Beverl.

1085 1424 1335 1480 XXXI.

904 1580 1117 1610 CASEUS
1167 1558 1506 1610 vannius*

567 1705 611 1749 Sl
642 1704 732 1748 sine
756 1720 887 1749 carne
912 1704 1032 1748 voles
1055 1702 1278 1763 jentacula
1304 1719 1475 1748 sumere
1501 1702 1615 1763 frugi
1632 1738 1642 1757 ⁷

642 1777 742 1819 Haec
768 1775 844 1818 tibi
867 1776 1051 1819 Vestino
1080 1775 1134 1819 de
1165 1789 1297 1836 grege
1325 1789 1466 1818 massa
1496 1775 1625 1818 venit.

573 1918 802 1977 Βουλομένῳ
832 1916 894 1960 σοὶ
922 1914 1058 1977 ἅριςον
1089 1914 1246 1958 ἑλέσθαι
1269 1915 1404 1968 λιτὸν,
1436 1912 1636 1974 οἷσαρκον,

639 1989 764 2031 Τοῦτ’
790 1988 871 2031 ἀπὸ
897 1986 1069 2037 Βεςίνων
1097 1985 1190 2033 ἦλθε
1221 1989 1385 2046 φύραμα
1417 1987 1564 2040 βοτῶν.

552 2125 567 2140 *
593 2129 660 2161 Pro
678 2128 840 2172 jentaculo
866 2140 983 2161 caseus.
1014 2126 1070 2161 Sic
1100 2127 1173 2160 MS.
1235 2126 1394 2171 agidam,
1423 2123 1466 2158 de
1494 2137 1564 2171 quo
1595 2124 1731 2159 Plinius
1750 2125 1811 2158 lib.
1842 2126 1916 2167 XI,

500 2181 636 2215 Beverl.
660 2182 783 2214 lemma
803 2180 955 2214 exhibet,
1234 2192 1309 2224 cap.
1322 2178 1559 2212 xL11.Vestini
1575 2190 1659 2212 vero
1674 2178 1783 2212 Italiae
1797 2178 1916 2212 orien-

557 2246 590 2268 1.
621 2233 772 2269 Geniales
791 2235 906 2278 fruges
938 2246 1004 2279 pro
1025 2234 1108 2278 jent.
1125 2234 1174 2276 fr.
1235 2232 1312 2266 talis
1333 2239 1414 2266 suut
1438 2232 1563 2277 populi
1582 2230 1626 2265 ad
1646 2243 1740 2265 mare
1756 2230 1916 2265 Adriati-

501 2285 549 2321 id.
572 2286 649 2321 cod.
669 2295 705 2321 et
725 2299 774 2320 vs.
802 2300 818 2320 2
842 2290 946 2320 missa.
1235 2298 1318 2320 cum
1349 2285 1567 2326 habitantes,
1595 2285 1687 2318 circa
1719 2284 1916 2318 Matrinum

556 2353 588 2375 2.
611 2341 694 2373 Haec
714 2353 825 2373 massa.
848 2340 924 2373 Huc
946 2347 1018 2379 est,
1040 2338 1096 2371 hic
1119 2350 1175 2371 ca-
1235 2338 1394 2372 fluvium.
1416 2338 1485 2371 Alii
1504 2346 1584 2372 sunt
1603 2338 1639 2371 in
1660 2337 1850 2384 Campania
1869 2336 1912 2370 ad

499 2405 599 2436 seus,
618 2405 745 2439 nempe
764 2406 782 2427 e
799 2394 887 2427 lacte
906 2392 940 2426 in
962 2404 1107 2426 massam
1122 2404 1179 2425 co·
1235 2392 1403 2432 inferum,
1425 2392 1462 2426 h.
1484 2403 1514 2425 e.
1538 2391 1761 2436 Tyrrhenum
1780 2402 1887 2424 mare.
