2044 3292
466 246 495 299 4
833 244 895 286 Μ.
922 244 1066 287 VAL.
1105 243 1499 287 MARTIALIS

608 332 728 375 Hora
759 347 840 375 nec
871 332 1020 376 aestiva
1049 342 1140 386 est,
1165 348 1245 376 nec
1271 331 1348 376 tibi
1376 341 1469 376 tota
1497 331 1621 393 perit.

520 452 554 488 ά.
571 447 695 482 Charta
710 459 777 492 pro
790 455 856 480 tota
869 446 1079 481 Beverland.
1089 469 1142 474 -—-

464 501 533 535 Nec
557 503 667 534 aestim
693 509 747 533 est.
769 500 847 534 Hoc
870 508 940 543 est,
960 513 1033 534 non
1054 513 1142 545 opus

464 562 516 588 est
542 553 629 587 hora
657 553 856 599 longissima
884 552 929 587 ad
954 552 1142 599 legendum

464 619 586 640 meum
610 607 752 640 librum.
782 606 863 640 Diei
896 606 1023 648 aestivi,
1046 614 1087 639 ut
1108 614 1142 639 et

464 659 628 698 hiberni,
666 658 924 705 longitudinem
961 667 1069 692 totam
1105 659 1142 691 in

465 711 653 746 duodecim
668 721 785 758 partes
810 711 1017 745 dividebant
1033 712 1142 745 Vete-

464 778 540 808 res;
561 764 656 799 unde
680 764 875 798 necessario
904 763 1081 798 accidebat
1102 772 1143 797 ut

463 819 559 852 horae
581 819 705 852 aestivae
732 817 890 850 hibernis
921 817 1035 851 multo
1063 818 1141 850 lon-

463 871 577 916 giores
600 869 831 904 essent.Vide
860 870 921 903 lib.
944 871 1011 911 IV,
1031 870 1141 916 epigr.

462 936 546 957 ΠΗ.
559 924 652 957 Hinc
664 931 799 957 constat
809 923 905 956 hunc
920 923 1052 956 librum
1064 923 1142 957 Pri-

461 989 519 1010 sco
535 976 692 1013 oblatum
712 976 818 1010 fuisse
832 976 889 1010 vel
906 984 1062 1010 extremo
1081 989 1142 1010 au-

461 1038 602 1071 tumno,
618 1037 679 1063 aut
696 1030 833 1063 brumae
848 1037 1007 1074 tempore
1019 1056 1028 1071 ‚
1043 1028 1141 1075 quod

1202 446 1420 493 aptissimum
1440 447 1484 480 sit
1502 445 1679 480 venationi
1698 458 1877 491 aprorum.

1202 499 1273 532 Alii
1300 499 1401 533 aliter
1428 499 1629 545 explicant:
1650 511 1779 545 nempe
1805 512 1878 533 non

1201 561 1252 586 est
1265 552 1352 586 hora
1366 552 1480 586 aestiva
1490 578 1499 594 ,
1513 553 1595 598 quia
1607 552 1740 586 scilicet
1753 552 1879 586 aestatis

1201 613 1359 650 tempore
1372 617 1442 650 prae
1458 606 1567 638 nimio
1580 605 1695 639 calore
1708 606 1808 639 facile
1820 604 1879 639 de-

1201 658 1362 703 fatigatur
1378 658 1503 692 lector.
1515 679 1568 685 --
1582 659 1650 692 Nec
1667 658 1724 692 tibi
1742 667 1809 690 tota
1821 671 1877 703 pe·

1202 713 1255 744 rit.
1277 710 1416 744 Etenim
1437 711 1527 744 liber
1547 723 1621 744 non
1642 720 1693 745 est
1711 720 1782 744 tam
1803 724 1877 744 ma-

1201 764 1274 805 lus,
1297 763 1383 809 quin
1408 776 1450 796 ex
1473 776 1514 797 eo
1542 764 1701 797 fructum
1726 764 1876 810 aliquem

1201 816 1385 862 percipias.
1420 816 1511 850 Mihi
1547 815 1690 850 videtur
1730 829 1848 850 sensus
1871 829 1879 850 z

1202 870 1276 903 Nec
1298 878 1338 902 ut
1359 870 1451 903 soles
1476 870 1595 904 aestivo
1612 878 1791 915 tempore,
1807 882 1879 915 quo

1203 923 1352 956 maxime
1378 923 1515 956 laboras
1544 931 1578 956 et
1602 923 1787 962 exerceris,
1814 934 1880 955 nec

1203 985 1317 1009 tamen
1332 975 1367 1008 id
1383 975 1551 1022 temporis
1566 984 1678 1009 totum
1691 975 1755 1009 tibi
1769 974 1860 1021 perit
1871 1000 1880 1015 ‚

1203 1041 1312 1074 quum
1334 1029 1444 1062 literis
1466 1027 1615 1062 studeas.

1125 1171 1210 1226 II.

903 1330 974 1359 AD
1014 1329 1117 1359 SUA
1156 1328 1442 1358 CARMINA.

530 1447 646 1503 QUAE
678 1444 810 1489 modo
841 1444 1016 1489 litoreos
1041 1444 1167 1488 ibatis
1197 1444 1391 1488 carmina
1419 1444 1608 1503 Pyrgos3

599 1518 667 1560 Ite
694 1517 849 1572 Sacra,
875 1516 965 1576 jam
992 1532 1081 1559 non
1106 1513 1411 1576 pulverulenta
1436 1515 1506 1556 via
1529 1522 1607 1557 est.

519 1664 533 1685 1
543 1677 550 1684 .
564 1651 648 1695 Quoe
661 1649 762 1683 modo.
781 1649 833 1683 Ex
845 1648 945 1682 Urbe
960 1647 1141 1694 quondam

460 1705 568 1739 libros
583 1715 679 1737 meos
693 1702 773 1736 misi
784 1702 934 1748 Pyrgos,
948 1710 989 1735 ut
1005 1700 1089 1735 inde
1104 1702 1141 1735 in

462 1757 545 1791 alias
562 1756 658 1790 orbis
675 1764 790 1802 partes
808 1755 1033 1789 mitterentur
1049 1767 1057 1787 ε
1070 1756 1143 1800 jam

463 1823 547 1845 vero
563 1823 604 1844 ex
622 1809 789 1855 Hispania
803 1808 881 1842 illos
897 1808 999 1842 mitto
1017 1808 1055 1841 in
1071 1808 1142 1841 Ur·

464 1865 555 1898 bem.
583 1863 690 1908 Pyrgi
710 1856 871 1907 (πύργοι,
895 1854 1018 1904 turres)
1041 1861 1143 1907 oppi-

1200 1646 1326 1681 dulum
1360 1647 1428 1680 fuit
1463 1646 1614 1680 Etruriae
1649 1645 1878 1680 maritimum.

1257 1714 1291 1734 2.
1307 1701 1384 1734 Non
1391 1700 1620 1746 pulverulenta.
1645 1699 1738 1733 Hinc
1755 1699 1880 1744 collige

1201 1754 1298 1787 hunc
1316 1753 1445 1787 librum
1464 1753 1611 1787 missum
1631 1764 1704 1786 esse
1721 1752 1775 1786 vel
1797 1763 1880 1785 vere

1203 1807 1259 1841 vel
1279 1815 1464 1846 autumno,
1483 1806 1567 1853 quia
1585 1815 1669 1840 tunc
1690 1804 1878 1839 humidum

1204 1868 1255 1894 est
1273 1859 1501 1894 caelum.Vid.
1526 1859 1637 1905 epigr.
1659 1857 1873 1905 praecedens.

1116 1995 1234 2052 ΙΙΙ.

903 2153 975 2181 ΑΙ)
1008 2150 1235 2180 LIBRUM
1273 2150 1445 2180 SUUM.

541 2279 611 2322 AD
637 2272 823 2336 populos
854 2271 966 2315 mitti
992 2270 1066 2331 qui
1091 2285 1232 2330 nuper
1262 2268 1317 2312 ab
1341 2268 1464 2312 Urbe
1495 2266 1664 2312 solebas
1680 2303 1690 2323 ‚

607 2346 698 2391 Ibis
726 2345 768 2388 io
796 2345 983 2387 Romam
1009 2357 1126 2385 nunc
1156 2339 1386 2402 peregrine
1411 2338 1539 2394 liber,

527 2485 560 2507 1.
582 2470 642 2505 Ad
662 2468 806 2515 populos.
833 2467 908 2499 Hoc
935 2464 1146 2510 epigramma

472 2524 629 2571 ejusdem
650 2520 847 2568 argumenti
868 2527 920 2552 est
940 2530 1020 2551 cum
1044 2530 1145 2562 supe-

471 2591 575 2612 nore.

532 2644 564 2665 2.
578 2630 642 2664 Ibis
657 2637 689 2662 tu
705 2629 836 2661 Romam
847 2626 963 2670 vulgg.
979 2624 1072 2658 Nunc
1085 2624 1146 2655 Ro-

479 2696 558 2717 mam
582 2683 638 2715 sed
660 2679 868 2715 Beverlandi
888 2677 961 2712 MS.
985 2695 997 2707 α
1017 2678 1054 2710 lo
1079 2689 1146 2710 vox

1206 2463 1410 2508 frequenter
1436 2470 1486 2495 est
1509 2469 1676 2507 corrupta
1689 2487 1698 2503 ‚
1717 2461 1879 2507 inprimis

1207 2515 1303 2561 apud
1326 2515 1535 2557 Martialem3
1560 2513 1654 2560 apud
1681 2527 1785 2560 quem
1813 2527 1879 2560 pro

1208 2569 1272 2602 Ibis
1292 2571 1322 2601 io
1337 2569 1468 2601 Romam
1487 2575 1520 2600 tu
1538 2569 1702 2613 peregrine
1717 2568 1806 2608 liber,
1823 2580 1878 2601 re-

1206 2630 1393 2667 posuerant
1404 2620 1562 2654 homines
1572 2621 1759 2654 inscitilbis
1767 2632 1877 2654 nunc.»

1208 2675 1320 2708 Het'ns.
1331 2675 1506 2709 Ov.Tom.
1520 2675 1554 2707 II
1563 2700 1573 2716 ‚
1583 2686 1620 2720 p.
1633 2686 1669 2718 17
1677 2687 1694 2707 2
1703 2701 1710 2707 .
1720 2673 1838 2706 -Ibis
1847 2675 1877 2705 io
