2044 3292
525 175 622 232 254

894 178 957 221 M.
985 179 1122 222 VAL.
1163 180 1548 225 MARTIALIS

1079 328 1365 386 CLVIII.

1151 483 1299 512 IDEM.

594 611 729 653 LANA
756 604 931 666 quidem
957 604 1091 649 tristis
1106 639 1118 660 ‚
1141 604 1216 649 sed
1241 607 1376 650 tonsis
1402 615 1504 667 apta
1528 607 1755 663 ministris,

662 675 825 735 Quales
855 691 944 719 non
969 675 1111 736 primo
1138 674 1192 719 de
1216 691 1346 737 grege
1370 692 1519 721 mensa
1543 687 1683 723 vocat.

597 820 725 868 Λῆνος
746 816 816 875 μὲν
837 815 998 876 ςυγνὸν·
1020 809 1178 864 δούλοις
1199 809 1244 858 δὲ
1264 821 1434 875 καρεῖσιν
1454 817 1616 877 ἀρηρὸς,

663 889 784 936 Οἴους
810 888 854 928 οὐ
881 887 1066 945 πρώτους
1092 879 1175 928 οἶδε
1203 883 1384 946 τράπεζα
1407 891 1556 930 καλεῖν.

584 1039 597 1060 ι
608 1052 616 1060 .
631 1026 697 1059 Pro
713 1032 789 1070 apta
805 1023 841 1056 in
857 1020 935 1056 cod.
952 1022 1091 1056 Thuan.
1111 1035 1200 1055 neca.

529 1088 602 1114 neta
618 1076 755 1124 legend.
775 1082 892 1110 censet
912 1075 1050 1109 Beverl.
1069 1075 1159 1108 —T
1157 1077 1201 1107 ri-

527 1136 594 1166 stis.
617 1131 694 1165 Hoc
716 1137 783 1172 est,
804 1129 910 1162 fusca.
925 1126 1081 1161 Vidend.
1103 1128 1202 1173 epigr

529 1182 862 1232 praecedens.-Sed
874 1183 980 1215 tonsis.
991 1181 1035 1214 H.
1051 1192 1081 1214 e.
1096 1181 1202 1214 servis

528 1238 711 1272 vilioribus
720 1262 730 1278 ,
739 1249 814 1270 non
827 1247 910 1268 vero
921 1234 1038 1280 pueris
1046 1233 1202 1268 venustis

1260 1030 1294 1056 et
1327 1034 1462 1056 comam
1497 1023 1667 1057 alentibus
1679 1049 1688 1064 ‚
1717 1023 1828 1070 qualis
1860 1033 1933 1058 erat

1261 1075 1404 1118 Cestus‚
1427 1075 1472 1110 de
1499 1088 1569 1121 quo
1592 1076 1720 1110 Noster
1744 1077 1804 1110 lib.
1821 1077 1932 1119 VIII,

1261 1140 1315 1174 ep.
1332 1142 1369 1162 1.1
1382 1155 1391 1170 ‚
1408 1141 1421 1162 1
1432 1143 1466 1174 9.
1486 1129 1609 1163 «Ceste
1620 1155 1630 1170 ‚
1644 1128 1750 1163 decus
1760 1142 1900 1164 mensae.
1915 1147 1928 1160 ι

1317 1196 1348 1215 2.
1372 1183 1486 1215 Vocat.
1510 1183 1579 1215 Pro
1606 1182 1672 1216 hoc
1694 1191 1783 1216 'vetat
1808 1183 1934 1228 legitur

1263 1234 1300 1267 in
1314 1247 1422 1280 marg.
1443 1234 1498 1269 ed.
1515 1235 1623 1269 Paris.
1646 1238 1757 1279 1617.

1121 1366 1347 1424 CLIX.

838 1521 1167 1551 TOMENTUM
1217 1503 1639 1552 LEUCONICUM.*

600 1652 849 1695 OPPRESSAE
873 1645 1056 1690 nimium
1081 1645 1223 1690 vicina
1246 1654 1312 1689 est
1336 1645 1468 1690 fascia
1493 1644 1678 1708 plumae?

668 1717 844 1764 Vellera
865 1716 1125 1762 Leuconicis
1154 1716 1303 1777 accipe
1330 1732 1426 1761 rasa
1455 1718 1580 1778 sagis.

587 1851 601 1865 ‘¹
623 1857 804 1889 Tomentum
833 1855 1039 1897 Lingom'cum
1063 1852 1101 1885 in
1124 1850 1208 1887 edd.

535 1917 617 1943 vett.
647 1909 833 1941 Lumentum
867 1907 1063 1939 Leuconicon
1096 1904 1209 1939 codex

536 1963 676 1996 Thuan.
702 1962 884 1994 Tomentum
912 1959 1096 1992 Levonicum
1126 1957 1208 1992 edit.

536 2014 686 2049 Farnab.

589 2080 616 2100 1.
635 2067 812 2112 Oppressoe.
837 2066 889 2097 De
915 2064 1016 2098 fascia
1041 2064 1122 2097 lecti
1141 2066 1211 2108 jam

538 2119 689 2154 diximus
702 2118 812 2159 lib.V‚
825 2118 1027 2162 epigramm.
1045 2129 1121 2150 Lx11
1133 2141 1142 2157 ‚
1165 2117 1210 2149 ob

539 2185 646 2219 quam
667 2172 743 2205 lana
761 2170 910 2203 nimium
927 2181 1091 2215 oppressa
1113 2168 1212 2202 facile

538 2225 648 2265 cedit,
671 2224 718 2258 ita
739 2232 778 2256 ut
796 2223 925 2269 jacenti
949 2220 1211 2256 incommodum

539 2279 638 2312 ferat.

597 2344 630 2365 2.
657 2330 839 2374 Lingonicis
869 2328 927 2361 alii
951 2340 958 2360 :
983 2326 1064 2360 libri
1099 2334 1212 2360 tamen

542 2382 731 2422 Martialis,
752 2380 869 2427 inquit
889 2380 1030 2414 Salmas.
1050 2380 1214 2413 omnibus

541 2437 626 2471 locis
641 2435 809 2480 scriptum
831 2434 1009 2466 Leuconicis
1024 2460 1032 2473 ‚
1050 2444 1118 2465 non
1137 2433 1213 2465 Lin-

540 2491 663 2535 gonicis
679 2488 831 2528 babent;
846 2494 881 2519 at
894 2487 1053 2519 Levonicis
1067 2486 1213 2519 Farnab.

542 2543 705 2576 Leuconiis
722 2539 863 2574 Salmas.
884 2537 926 2572 ad
946 2538 1056 2572 Solin.
1077 2551 1111 2582 p.
1127 2538 1212 2582 398.

1268 1875 1319 1880 -
1332 1853 1461 1887 Vellera
1487 1855 1678 1889 Leuconicis.
1700 1855 1757 1890 Sic
1784 1856 1856 1890 fere
1876 1858 1941 1891 Ra-

1268 1905 1394 1940 derus:
1410 1907 1488 1940 Jam
1511 1907 1680 1950 vidimus,
1703 1909 1762 1942 lib.
1787 1910 1858 1952 XI,
1884 1922 1939 1956 ep.

1270 1971 1347 2001 mu,
1360 1973 1394 2004 9.
1411 1960 1636 1994 «Leuconicis
1650 1961 1797 2008 agedum
1811 1970 1942 1996 tumeat

1270 2012 1334 2045 tibi
1352 2012 1477 2046 culcita
1494 2013 1840 2048 lanis.„Le11coniu1n
1857 2028 1941 2049 vero

1272 2064 1419 2098 AEolidis
1460 2065 1630 2112 oppidum
1670 2062 1809 2100 videtur
1845 2067 1941 2114 apud

1271 2117 1530 2163 Thucydidem.
1554 2120 1680 2152 Sensus
1707 2128 1757 2153 est
1780 2132 1787 2153 :
1812 2121 1942 2167 Accipe

1271 2178 1465 2204 tomentum
1483 2171 1576 2216 quod
1597 2172 1673 2205 lana
1694 2173 1817 2218 pannis
1838 2174 1942 2207 vesti-

1272 2223 1404 2268 busque
1428 2225 1546 2257 abrasa
1570 2224 1712 2259 dicitur.
1731 2225 1798 2260 Sed
1824 2227 1942 2260 malim

1271 2276 1422 2309 retinere
1445 2277 1697 2322 Liugouicum,
1719 2291 1825 2324 quam
1851 2280 1942 2313 Leu-

1272 2328 1452 2371 conicum,
1474 2330 1570 2375 quod
1599 2330 1786 2365 Gallicanae
1813 2341 1942 2374 vesteS‚

1273 2389 1312 2413 ut
1333 2394 1434 2426 supra
1458 2382 1625 2425 vidimus,
1648 2384 1683 2417 in
1706 2385 1838 2418 Urbem
1862 2393 1944 2418 sunt

1274 2433 1481 2480 importatae.
1505 2436 1582 2470 Lib.
1599 2437 1636 2476 Ι,
1657 2437 1766 2482 epigr.
1790 2442 1941 2479 L1v,'vs.

1277 2488 1323 2520 5:
1351 2505 1364 2517 α
1389 2489 1518 2522 Urbica
1545 2489 1756 2535 Lingonicus
1794 2490 1942 2535 Tyrian-

1275 2540 1370 2573 thina
1394 2540 1673 2576 bardocucullus.
1696 2560 1709 2572 ι·
