2044 3292
531 226 621 272 168

899 227 958 271 M.
983 228 1123 271 VAL.
1163 226 1552 270 MARTIALIS

1156 375 1292 433 wall.

869 531 1209 561 PUGILLARES
1246 531 1591 561 MEMBRANEI.

595 661 703 703 lissi-7
730 668 837 719 puta
861 674 1005 711 cer-as,
1035 657 1134 702 licet
1163 658 1256 702 liaec
1287 657 1540 702 membrana
1569 666 1777 712 vocetur;

662 729 862 783 Delebis,
885 729 1053 789 quoties
1080 730 1242 790 scripta
1269 744 1431 773 novare
1461 727 1592 772 voles.

593 868 764 928 Διφθέρα
785 867 930 915 ἐκλήθη
960 866 1055 927 μὲν,
1079 868 1182 928 ἀτάρ
1211 885 1272 911 σοι
1298 869 1417 927 κηρὸς
1442 869 1587 910 ἔσοιτο·

664 938 839 998 Γράμμα
864 942 1101 999 νεοχμώσεις
1127 933 1243 987 τήνδ’
1267 936 1600 998 ἀπολειψοίμενος.

583 1089 611 1109 1.
634 1077 730 1109 Putes
750 1075 827 1110 cod.
858 1076 894 1109 in
917 1089 1024 1122 marg.
1045 1075 1100 1109 ed.
1120 1076 1197 1110 Par.

530 1131 640 1174 1617,
655 1138 688 1163 et
706 1129 753 1163 sic
768 1130 871 1163 Barb.
888 1128 943 1163 ed.
954 1151 1007 1156 -
1019 1130 1198 1175 Esseputa.

525 1182 626 1216 Tales
649 1181 756 1217 hodie
777 1183 902 1228 passim
930 1183 1017 1216 fiunt
1043 1182 1200 1216 deletiles

524 1236 737 1269 membranae
752 1236 807 1269 vel
824 1249 890 1269 una
909 1236 1033 1282 pagina
1053 1236 1106 1269 vel
1125 1237 1202 1281 plu·

523 1288 623 1322 ribus
638 1314 648 1329 ‚
675 1301 752 1335 quae
770 1301 880 1336 gypso
903 1298 1065 1335 cretaque
1087 1288 1201 1322 obdu-

525 1350 654 1375 cuntur
683 1342 950 1388 illinunturque.
978 1342 1200 1376 membranas

526 1407 609 1428 vero
642 1395 801 1440 Pergami
831 1404 988 1442 repertas
1021 1396 1126 1429 fuisse
1158 1408 1199 1428 ex

526 1447 687 1482 Varrone
703 1449 812 1482 refert
827 1449 961 1482 Plinius
977 1461 1053 1494 cap.
1069 1461 1102 1482 11
1113 1475 1122 1490 ‚
1138 1449 1198 1481 lib.

528 1501 635 1541 XIII,
654 1502 715 1535 ubi
733 1502 841 1535 multa
857 1501 902 1535 de
917 1502 1200 1536 membranarum

1258 1075 1461 1109 inventione
1475 1083 1575 1108 vetus
1590 1081 1773 1107 annotator
1789 1073 1934 1107 Guilan-

1258 1127 1373 1162 dinus.
1389 1129 1514 1162 Literae
1534 1135 1646 1160 autem
1670 1127 1706 1160 in
1726 1126 1937 1160 membranis

1257 1182 1393 1228 scriptae
1411 1182 1516 1226 vulgo
1536 1180 1646 1214 deleri
1665 1192 1736 1213 non
1759 1187 1935 1225 poterant.

1313 1247 1345 1268 2.
1372 1235 1516 1273 Delehis,
1537 1235 1667 1280 quoties.
1683 1259 1691 1266 .
1708 1233 1821 1266 avoles.
1841 1231 1937 1274 Quia

1261 1300 1403 1333 nempe,
1421 1296 1461 1321 ut
1477 1290 1547 1333 jam
1564 1299 1666 1332 supra
1682 1284 1853 1327 diximus,
1874 1297 1937 1331 gy·

1260 1354 1322 1387 pso
1342 1350 1375 1374 et
1402 1350 1495 1374 creta
1517 1339 1759 1374 obducebatur
1779 1345 1938 1372 accurate

1260 1394 1465 1428 membrana
1484 1394 1563 1434 cui,
1586 1393 1613 1427 si
1633 1405 1719 1439 pura
1741 1400 1844 1438 atque
1865 1391 1938 1427 ⁵³11-

1261 1459 1340 1481 cera
1375 1447 1594 1481 remansisset
1611 1471 1620 1483 ‚
1656 1457 1837 1491 nunquam
1875 1441 1938 1477 de-

1260 1500 1364 1534 lenda
1397 1500 1687 1535 inscribebantur.

1143 1637 1327 1692 &⁷111.

1067 1793 1405 1822 VITELLIANI.

671 1919 885 1963 Nommm
918 1917 1069 1979 legerit
1093 1918 1172 1962 hos
1201 1917 1300 1962 licet
1331 1916 1494 1978 puella,

671 1990 806 2033 Novit
834 1988 936 2049 quid
966 1990 1145 2050 cupiant
1176 1987 1407 2033 Vitelliani.

592 2140 620 2160 1.
646 2127 771 2160 P11..illa
791 2126 844 2160 ed.
870 2126 1044 2160 Schrevel.
1071 2126 1133 2172 qui
1158 2135 1208 2160 ta-

532 2192 613 2213 men
635 2180 733 2225 jubet
761 2179 902 2225 legend.
916 2180 1036 2225 puella.
1056 2180 1210 2214 Confun-

537 2232 633 2266 ditur
667 2233 760 2266 enim
796 2233 996 2278 saepiuscule
1031 2232 1066 2265 iu
1105 2245 1210 2265 manu

538 2286 684 2319 exaratis
702 2284 882 2319 codicibus
902 2290 931 2319 si
950 2298 1029 2319 cum
1051 2300 1077 2319 e.

588 2353 618 2372 α.
655 2339 794 2384 Cupiunt
824 2338 904 2373 cod.
935 2339 1072 2373 Beverl.
1100 2347 1134 2372 et
1162 2338 1210 2372 sic

534 2392 619 2425 alios
636 2393 751 2437 legere
765 2392 900 2426 notavit
919 2392 1066 2426 Farnab.
1091 2403 1208 2425 sensus

534 2454 667 2487 autem,
684 2447 709 2479 si
726 2445 817 2479 hanc
833 2457 952 2479 vocem
973 2444 1208 2490 adoptaveris‚

535 2497 629 2532 idem
649 2507 699 2533 est
720 2511 758 2534 ac
782 2502 836 2533 τοῦ
860 2500 1049 2532 contineant.
1080 2498 1210 2531 Melius

536 2560 651 2586 tamen
677 2555 817 2598 cupiant,
842 2551 960 2597 quasi,
978 2552 1140 2585 amatoris
1157 2551 1209 2584 in·

538 2613 607 2638 star
636 2605 695 2650 qui
722 2605 762 2640 iis
791 2605 990 2651 epistolium
1016 2604 1210 2650 inscripsit,

1269 2126 1334 2172 ipsi
1355 2133 1509 2159 amarent
1530 2133 1563 2158 et
1584 2132 1827 2170 cuperent.—
1843 2125 1943 2157 '‘itel-

1269 2180 1358 2212 [iani.
1376 2179 1427 2212 De
1443 2178 1572 2224 quibus
1591 2178 1653 2211 lib.
1676 2178 1732 2218 H,
1749 2177 1859 2223 epigr.
1882 2189 1919 2211 vr
1932 2203 1941 2219 ‚

1271 2234 1305 2266 6.
1326 2231 1514 2277 Pugillares
1531 2243 1674 2276 nempe,
1692 2230 1727 2263 in
1745 2231 1871 2276 quibus
1888 2242 1943 2264 res

1268 2284 1445 2318 amatoriae
1472 2284 1714 2318 scribebantur
1727 2309 1736 2323 ,
1766 2291 1871 2329 atque
1899 2281 1943 2316 ad

1269 2337 1422 2384 puellam
1443 2337 1684 2371 mittebantur.
1708 2336 1800 2370 Usus
1815 2347 1944 2382 nempe

1268 2391 1410 2424 illorum
1434 2391 1504 2424 fere
1527 2389 1619 2424 idem
1643 2390 1704 2436 qui
1726 2389 1941 2435 triplicium;

1268 2452 1304 2478 et
1321 2442 1416 2478 idem
1434 2444 1507 2477 fere
1521 2442 1565 2476 de
1583 2443 1638 2476 his
1655 2441 1790 2476 dixerat
1799 2441 1943 2475 Martia-

1267 2497 1328 2530 lis:
1349 2497 1470 2530 -Tunc
1489 2497 1641 2542 triplices
1657 2503 1795 2529 nostros
1808 2507 1880 2528 non
1895 2494 1944 2528 vi-

1267 2550 1313 2584 lia
1325 2549 1416 2584 dona
1425 2551 1574 2596 putabis,
1587 2550 1706 2591 Quum
1716 2560 1752 2583 se
1759 2555 1942 2582 venturam

1269 2604 1396 2638 scribet
1416 2603 1522 2637 amica
1540 2603 1616 2637 tibi.
1633 2619 1647 2631 n
1663 2602 1783 2648 Epigr.
1796 2601 1848 2634 VI
1863 2612 1940 2644 sup.
