2044 3292
525 236 589 280 90
904 225 964 266 M.
990 227 1128 270 VAL.
1168 229 1564 274 MAR'rlALlS

1202 378 1240 432 I.

1020 538 1084 565 An
1115 521 1443 568 LECTOREM*

594 629 707 707 NE
732 669 832 721 toga
857 661 1066 722 cordylis,
1085 679 1139 706 ne
1166 664 1335 724 paenula
1362 665 1471 709 (lesit
1493 665 1640 720 olivis,

662 731 750 773 Aut
774 732 948 792 inopem
977 743 1144 777 metuat
1171 735 1346 779 sordida
1371 735 1505 780 blatta
1531 735 1714 791 famem,

593 799 764 845 Perdite
789 802 1002 858 Niliacas,
1026 805 1189 861 Musae,
1218 822 1314 850 mea
1334 806 1493 850 damna
1511 843 1522 863 ,
1546 823 1761 870 papyros;

662 872 858 917 Postulat
888 890 990 918 ecce
1020 893 1158 920 novos
1184 877 1304 921 ebria
1329 878 1488 921 bruma
1516 878 1636 923 sales.

589 944 690 986 Non
721 960 816 988 mea
847 948 1129 1007 magnanimo
1157 947 1382 1010 depugnat
1411 959 1572 994 tessera
1600 949 1713 1005 talo,
1923 972 1937 995 5

660 1015 789 1059 Senio
817 1032 898 1060 nec
924 1027 1122 1062 nostrum
1147 1036 1247 1063 cum
1273 1036 1380 1065 cane
1404 1031 1577 1081 quassat
1602 1021 1721 1065 ebur.

592 1087 694 1130 Haec
723 1086 832 1131 mihi
860 1087 1012 1133 charta
1034 1106 1194 1144 nuces,
1220 1091 1313 1136 haec
1339 1101 1404 1135 est
1428 1092 1538 1135 mihi
1563 1092 1715 1136 charta
1741 1091 1931 1137 fritillus:

658 1155 762 1201 Alea
793 1175 873 1202 nec
904 1159 1137 1216 damnum,
1166 1178 1246 1206 nec
1272 1162 1375 1207 facit
1406 1164 1484 1207 ista
1515 1162 1702 1207 lucrum.

554 1285 863 1323 'Leinmadeestin
873 1289 1193 1325 edd.vett.etFarn.

517 1341 613 1386 quod
627 1341 681 1375 ed.
697 1343 827 1388 Delph.
845 1353 964 1390 negat,
978 1345 1196 1391 antiquitatis

517 1394 629 1439 ejusd.
648 1408 685 1428 ac
704 1396 840 1442 reliqua
856 1410 928 1431 esse
947 1399 1098 1432 censuit.

577 1463 604 1482 1.
624 1450 673 1481 Et
687 1463 751 1494 pro
768 1463 806 1483 ne
823 1450 900 1484 edd.
919 1460 1002 1485 vett.
1019 1453 1097 1485 Pice
1107 1454 1196 1486 nulla

516 1502 546 1534 T
549 1502 654 1535 huan.
688 1502 766 1536 cod.
800 1526 852 1530 —
876 1505 928 1538 Ne
953 1513 1027 1550 toga
1047 1506 1193 1554 cordylis.

520 1554 598 1588 Vid.
616 1556 679 1590 lib.
692 1558 764 1597 III,
779 1558 887 1604 epigr.
902 1571 930 1591 11
944 1583 954 1599 ,
972 1559 1054 1592 huic
1069 1560 1194 1594 simile.

572 1623 603 1642 2.
622 1610 693 1642 Aut
709 1614 839 1656 Inopem.
855 1612 906 1646 Ut
924 1612 1074 1646 habeant
1093 1614 1194 1648 tineae

515 1670 548 1695 et
568 1663 686 1697 blattae
707 1677 788 1697 cum
815 1665 944 1710 quibus
969 1666 1139 1707 rixentur,
1161 1675 1196 1700 et

514 1728 618 1760 quam
641 1717 806 1751 arrodant
825 1731 938 1752 escam
952 1745 962 1759 ,
981 1720 1128 1755 chartas.
1143 1743 1193 1746 ——

517 1769 649 1811 Blamz,
681 1784 757 1816 quae
780 1770 876 1805 rodit
901 1773 1037 1807 chartas
1053 1799 1062 1815 ‚
1085 1785 1193 1819 genus

515 1832 565 1856 est
583 1836 720 1858 vermis.

563 1876 739 1912 &Perdita
753 1879 915 1921 OMusae,
926 1892 1074 1925 quarum
1090 1889 1193 1914 oestro

514 1943 577 1974 ego
591 1932 761 1976 percitus,
775 1945 854 1966 meo
869 1945 951 1966 cum
969 1933 1099 1967 damno
1113 1935 1194 1968 scri-

514 1984 558 2016 bo
579 1985 752 2027 carmina3
769 1985 907 2031 perdite
923 1995 956 2020 et
966 1987 1028 2021 has
1043 1988 1190 2022 chartas.

514 2038 711 2071 —iviliaeas
718 2053 868 2086 pam-ros.
886 2040 978 2081 Quia
990 2040 1028 2073 in
1039 2043 1192 2087 JEffl·pto

514 2101 706 2125 nascuntur
718 2094 861 2138 papyri,
878 2106 962 2139 quas
977 2107 1042 2139 per
1053 2095 1191 2141 apposi-

514 2144 644 2178 tionem
658 2155 758 2180 vocat
770 2159 831 2180 sua
848 2145 974 2180 damna
988 2159 995 2180 :
1009 2148 1089 2181 mali
1109 2161 1189 2181 nam

511 2209 630 2231 versus
645 2198 800 2243 perdunt
816 2201 924 2233 bonas
941 2201 1086 2234 chartas.
1107 2202 1189 2234 Juv.

511 2251 580 2285 sat.
599 2252 633 2293 Ι,
654 2265 703 2285 vs.
732 2265 744 2286 1
755 2254 773 2286 5
789 2265 797 2286 :
813 2271 826 2282 «
841 2253 954 2288 Stulta
970 2263 1021 2288 est
1036 2255 1190 2288 clemen-

511 2303 555 2336 tia
570 2330 579 2345 ‚
601 2317 713 2350 quum
734 2314 786 2339 tot
806 2307 936 2353 ubique
958 2308 1108 2341 Vatibus
1131 2321 1190 2342 oc—

511 2369 646 2400 curras,
666 2360 830 2405 periturae
850 2372 993 2406 parcere
1012 2361 1149 2395 chartae.
1172 2380 1184 2391 u

568 2415 600 2451 4.
621 2412 726 2446 Ebria
739 2413 860 2447 bruma.
877 2414 1072 2449 Saturnalia
1091 2415 1191 2449 intel-

512 2465 596 2510 lige,
608 2466 738 2511 quihus
753 2467 856 2513 genio
874 2466 1106 2513 indulgebant
1124 2470 1189 2502 Ro-

511 2519 616 2552 mani.
631 2521 682 2553 De
702 2520 757 2553 his
774 2533 883 2565 supra
904 2521 1046 2566 pluries.

566 2573 598 2605 5.
618 2574 648 2605 T
646 2573 694 2605 elo
716 2573 794 2607 cod.
815 2574 1098 2608 &vert—Non
1120 2588 1185 2608 mea

509 2629 717 2667 magnanimo.
743 2627 834 2660 Vide
858 2640 934 2673 quae
954 2629 1023 2672 jam
1047 2627 1090 2661 <le
1112 2628 1186 2660 talis

510 2688 540 2710 et
560 2680 692 2713 tesseris
710 2679 801 2714 dicta
820 2690 899 2714 sunt
913 2707 921 2721 ‚
939 2681 998 2714 lib.
1021 2682 1081 2718 [V.
1094 2682 1182 2727 epigv

1256 1305 1329 1326 x1v.
1360 1292 1595 1339 Calcagiiinus
1629 1292 1672 1326 de
1706 1294 1858 1327 Tesseris
1885 1295 1933 1328 sic

1256 1346 1322 1379 ait:
1339 1347 1482 1380 Duabus
1503 1346 1658 1380 tribusve
1677 1347 1832 1388 tesseris,
1849 1359 1934 1393 qua-

1255 1408 1336 1433 tuor
1355 1409 1469 1433 autem
1492 1399 1534 1433 ad
1553 1400 1738 1433 minimum
1759 1400 1835 1434 talis
1849 1413 1933 1434 con-

1255 1452 1466 1487 tendebatur
1501 1454 1537 1486 in
1567 1454 1639 1487 acie
1660 1453 1800 1487 lusoria.
1827 1453 1933 1488 Unde

1254 1507 1331 1540 talis
1361 1519 1460 1552 pares
1486 1519 1559 1540 uon
1585 1515 1668 1540 sunt
1695 1515 1852 1549 tesserae,
1870 1507 1932 1541 sed

1255 1560 1436 1594 inferiores
1453 1574 1462 1601 ;
1494 1560 1555 1594 lss).
1585 1561 1686 1601 XIV,
1720 1560 1831 1606 epigr.
1862 1574 1904 1595 xv
1923 1574 1930 1595 :

1258 1613 1366 1646 «Non
1395 1614 1460 1647 sim
1496 1614 1648 1647 talorum
1688 1626 1840 1648 numero
1869 1627 1933 1660 par

1253 1676 1397 1708 tessera,
1411 1666 1496 1700 dum
1512 1668 1554 1701 sit
1570 1667 1697 1712 Major,
1718 1680 1822 1713 quam
1837 1669 1931 1708 talis,

1253 1721 1323 1753 alea
1339 1732 1429 1766 saepe
1451 1721 1550 1754 mihi.
1569 1738 1581 1749 ›=
1601 1721 1684 1754 Haec
1702 1721 1792 1754 ratio
1811 1720 1855 1754 ad
1871 1734 1931 1755 ex-

1251 1773 1455 1819 plicandum
1473 1776 1508 1807 τὸ
1529 1776 1730 1819 magnanimo
1746 1774 1834 1808 mihi
1853 1775 1930 1821 qui—

1252 1826 1332 1861 dem
1361 1828 1472 1862 levior
1490 1826 1644 1869 videtur,
1662 1826 1723 1862 sed
1750 1828 1929 1862 meliorem

1252 1894 1324 1914 non
1344 1882 1472 1927 reperi.
1489 1879 1633 1914 Judicet
1649 1881 1769 1914 lector.

1307 1935 1456 1968 6.Seni0.
1476 1934 1628 1973 Dicitur,
1651 1947 1761 1980 quum
1777 1934 1814 1967 in
1829 1935 1931 1981 jactis

1252 1989 1328 2022 talis
1345 1988 1501 2021 senarius
1521 1996 1663 2034 apparet
1673 2000 1682 2029 ;
1692 1990 1780 2020 canis
1792 1996 1906 2021 autem
1921 2015 1929 2029 ,

1250 2054 1362 2087 quum
1391 2041 1534 2075 unicum
1561 2042 1697 2075 senario
1723 2041 1928 2087 oppositum

1250 2103 1420 2140 punctum
1436 2102 1590 2141 apparet.
1607 2095 1699 2127 Ebur
1712 2103 1870 2135 nostrum,
1888 2107 1928 2128 ex

1249 2161 1322 2194 quo
1349 2148 1480 2182 scilicet
1502 2148 1632 2181 fiebant
1654 2156 1791 2181 tesscrae
1804 2173 1813 2188 ,
1834 2156 1874 2181 ut
1894 2156 1929 2181 et

1250 2201 1332 2244 tali,
1351 2214 1438 2248 quos
1457 2202 1526 2235 hoc
1546 2201 1625 2234 loco
1647 2201 1797 2247 intelligi
1812 2210 1928 2234 censet

1248 2255 1345 2289 idem
1363 2255 1593 2300 Calcagninus
1611 2253 1656 2287 de
1669 2255 1834 2288 Tesseris.

1304 2321 1337 2353 7.
1355 2309 1457 2342 Nocet
1471 2321 1537 2354 pro
1558 2320 1650 2340 nuces
1671 2308 1752 2341 Bev.
1774 2329 1826 2333 —
1845 2307 1928 2340 Hoec

1250 2363 1335 2395 milii.
1348 2362 1476 2395 Sensus
1487 2369 1556 2395 est:
1573 2361 1665 2406 Ego,
1681 2360 1795 2406 inquit
1807 2360 1927 2401 Poeta,

1248 2415 1487 2449 Saturnalium
1503 2424 1675 2459 tempore,
1694 2425 1760 2447 nec
1776 2413 1926 2454 tesseris,

1249 2481 1313 2502 nec
1339 2468 1507 2509 nucibus,
1538 2479 1602 2500 nec
1634 2467 1710 2501 talis
1737 2466 1843 2508 ludo,
1866 2465 1926 2500 sed

1248 2522 1359 2555 Musis
1381 2534 1475 2554 vaco.
1499 2523 1550 2554 De
1571 2520 1693 2554 fritillo
1714 2520 1856 2566 copiose
1871 2518 1925 2552 di-

1247 2584 1340 2608 ctum
1365 2583 1415 2608 est
1435 2575 1497 2607 lib.
1518 2575 1581 2615 IV,
1597 2573 1705 2619 epigr.
1727 2586 1798 2607 xiv.

1303 2630 1335 2661 8.
1360 2629 1432 2660 Non
1456 2627 1775 2660 Ben—xileavista.
1801 2624 1924 2659 Ludus

1249 2682 1304 2714 hic
1323 2695 1420 2715 meus
1442 2680 1774 2726 epigrammatarius.

2036 2216 2044 2439 ⁸

2031 2694 2038 2825 ς

2025 2831 2044 3292 2
