1901 3259
349 212 945 257 EPIGRAMMATUM
983 213 1108 256 LIB.
1149 214 1263 256 XII.
1449 213 1509 268 {1²3

748 366 855 420 LI.

618 523 683 549 DE
722 522 976 550 FABULLO.

228 647 342 689 TAM
366 661 479 706 saepe
498 653 698 689 nostrum
721 643 862 705 decipi
889 642 1188 699 Fabullinum,

227 716 426 769 Miraris,
454 714 590 760 Aule?
616 731 787 776 semper
808 714 945 758 homo
968 715 1111 759 bonus
1137 716 1222 758 tiro
1248 724 1325 758 est.

133 865 156 887 1.
173 853 342 887 Fabullum
356 853 435 887 edd.
450 862 533 887 vett.
548 852 766 887 claudicante
826 854 974 899 simplex
1002 865 1140 899 semper
1167 852 1356 899 decipitur,
1381 862 1505 900 utpote

87 907 762 952 etaptumjamnomenferentescazone.
824 906 885 951 qui
913 907 989 940 aliis
1012 919 1084 940 non
1110 906 1271 949 diffidat3
1295 918 1411 953 neque
1438 920 1502 941 un-

142 972 173 992 2.
192 960 297 992 Homo
324 960 421 992 bonus
439 959 633 993 Scriverius
653 959 761 1004 legit3
823 971 929 1004 quam
951 958 1043 1005 apud
1062 960 1195 993 vicinos
1217 969 1441 1006 reperturum
1465 973 1501 994 se

85 1011 181 1056 quod
201 1012 238 1044 in
257 1020 391 1046 textum
407 1012 539 1058 recepit
557 1012 762 1045 Ba1·b0u.—
822 1012 999 1046 existimet
1028 1025 1134 1058 quam
1159 1026 1231 1047 non
1262 1014 1299 1047 in
1330 1026 1364 1047 se
1396 1013 1501 1047 habet

90 1066 165 1097 Tiro
195 1073 252 1099 est.
289 1065 366 1099 Hoc
399 1073 467 1107 est,
492 1066 547 1099 vir
566 1065 701 1110 probus
727 1074 762 1099 et
822 1065 1096 1111 improbitatem.

719 1200 853 1256 LII.

546 1360 613 1387 AD
653 1358 1029 1388 SEMPRONIAM.

145 1484 377 1528 TEMPORA
409 1483 549 1526 Pieria
575 1481 726 1526 solitus
755 1482 960 1526 redimire
987 1498 1172 1537 corona,

213 1556 305 1598 Nec
329 1555 473 1598 minus
497 1554 692 1598 attonitis
715 1570 801 1597 vox
826 1551 1043 1597 celebrata
1068 1554 1174 1606 reis,

143 1625 225 1668 Hic
249 1626 354 1669 situs
380 1635 467 1681 est,
490 1625 561 1669 hic
582 1624 651 1668 ille
674 1635 797 1678 tuus,
820 1625 1099 1685 Sempronia,
1125 1625 1292 1678 Rufus;

212 1696 349 1756 Cujus
379 1706 422 1739 et
451 1697 541 1757 ipse
570 1697 633 1739 tui
659 1696 815 1756 flagrat
842 1711 992 1739 amore
1015 1696 1132 1738 cinis.

140 1765 292 1810 Dulcis
314 1767 358 1809 in
380 1766 526 1827 Elysio
549 1767 740 1810 narraris
762 1765 908 1809 fabula
936 1782 1092 1826 campo
1106 1799 1116 1818 ,

139 1910 350 1969 Στέμμασι
375 1909 547 1969 Πιερίοις
572 1909 714 1959 εἰωθὼς
741 1911 873 1968 κρᾶτα
899 1904 1109 1961 πυκάζειν,

270 1983 464 2031 πελάταις
491 1981 651 2041 γνωστὴ
678 1983 842 2041 γλῶσσα
867 1974 1147 2039 διωκομένοις,

136 2052 275 2101 Κεῖνος
301 2055 321 2094 ὁ
345 2052 412 2101 σὸς
436 2041 615 2110 Ῥοῦφος,
640 2051 900 2111 Σεμπρωνίει,
924 2045 1063 2093 ἐνθάδε
1089 2054 1237 2093 κεῖται·

206 2120 267 2164 Οὔ
291 2121 358 2165 καὶ
387 2128 610 2182 πυρσοῢται
634 2118 807 2178 λείψανα
833 2125 911 2164 σεῖο
936 2121 1063 2177 πόθῳ.

134 2193 310 2252 Τερπνὸς
338 2195 375 2235 ἐν
408 2182 571 2248 ΙῙΙλυσίῳ
597 2186 725 2245 πεδίῳ
752 2192 989 2252 θρυλλισμὸς
1018 2193 1194 2241 ἀκούεις·

116 2327 131 2341 ’
161 2332 353 2378 Epitaphio
385 2341 536 2366 mortem
570 2333 675 2374 Rufi,
711 2341 744 2366 et
862 2345 894 2366 1.
920 2333 1075 2377 Tempora
1095 2333 1217 2365 Pieria.
1241 2333 1353 2366 Rufus
1384 2342 1486 2379 poeta

63 2384 278 2430 Semproniae
323 2398 402 2431 erga
445 2386 577 2419 Rufum
627 2386 745 2419 virum
805 2386 896 2427 fuit,
931 2394 1034 2431 atque
1069 2394 1190 2419 orator
1222 2386 1396 2428 celebris,
1426 2388 1486 2433 qui

62 2450 219 2471 amorem
254 2446 287 2472 et
323 2438 430 2472 fidem
461 2440 639 2477 celebrat,
669 2451 746 2484 quae
806 2451 936 2484 nempe
955 2451 1033 2473 reos
1058 2437 1276 2472 defenderet.

61 2498 163 2536 rapta
189 2491 231 2523 ab
258 2500 412 2525 amatore
442 2491 550 2526 rediit
575 2491 617 2526 ad
639 2492 745 2525 mari-
861 2497 895 2532 4.
917 2492 1017 2537 Cujus
1049 2500 1078 2524 et
1106 2494 1170 2537 ipse
1198 2494 1264 2530 mi,
1291 2499 1356 2526 etc.
1381 2491 1489 2533 Quod

61 2552 155 2584 tum,
183 2543 372 2577 ostendens
399 2557 434 2578 se
465 2546 611 2579 invitam
639 2546 745 2579 fuisse
805 2553 904 2591 rapta
926 2544 969 2578 ad
985 2545 1117 2578 Rufum
1139 2554 1264 2590 sponte
1284 2543 1438 2578 redierit.

61 2595 253 2630 abductam
271 2622 280 2636 ,
312 2605 367 2630 aut
408 2606 502 2632 certe
543 2598 746 2644 poenituisse
864 2599 896 2631 5.
919 2599 1074 2631 Narraris
1090 2598 1210 2642 fabula
1236 2599 1403 2643 can1p0.A
1420 2599 1493 2631 Ru-

61 2649 198 2684 scelesti
220 2650 312 2684 facti.
336 2650 453 2683 [ἴα-ἄεν.
812 2653 845 2684 fo
867 2661 927 2685 tuo
950 2653 1017 2695 jam
1043 2652 1077 2684 in
1111 2651 1252 2696 Elysiis.
1281 2651 1411 2684 Fabula
1435 2664 1495 2684 au-
