1901 3259
342 224 939 269 EPIGRAMMATUM
976 224 1103 267 LIB.
1143 222 1262 266 XII.
1446 219 1498 265 31

231 312 410 358 Matella
436 323 563 358 curto
588 323 719 374 rupta
739 312 873 357 latere
893 311 1094 356 meiebat.

229 386 394 429 Focum
420 384 599 429 ferentis
626 385 805 429 suberat
828 383 1052 445 amphorae
1078 382 1250 426 cervix:

230 456 378 499 Fuisse
403 472 549 517 gerres
564 490 575 509 ,
602 465 678 499 aut
703 454 876 499 inutiles
902 469 1064 498 maenas

232 526 358 570 Odor
380 526 628 587 impudicus
653 526 774 570 urcei
798 525 1039 577 fatebatur,
1097 582 1107 595 ἱ

230 595 420 654 Qualem
444 598 623 641 marinae
647 598 764 640 misit
784 612 890 640 aura
914 596 1113 657 piscinae.

230 668 325 712 Nec
353 667 520 728 quadra
548 667 698 712 deerat
722 668 835 712 casei
855 666 1094 721 Tolosatis,

231 738 476 795 Quadrima
502 739 617 799 nigri
642 754 723 782 nec
748 754 913 782 corona
934 736 1078 799 pulei,

232 808 465 869 Calvaeque
489 819 624 853 reste-s
649 808 860 869 allioque,
886 809 1111 869 cepisque,

233 879 327 924 Nec
356 878 485 940 plena
513 879 632 940 turpi
656 881 806 924 matris
832 878 916 923 olla
947 880 1109 931 resina,

230 950 567 994 Summoenianae
593 966 679 1010 qua
704 949 898 1010 pilantur
921 965 1092 993 uxores.

230 1020 352 1076 Quid
379 1020 536 1081 quaeris
566 1020 697 1076 aedes,
727 1019 982 1080 villicosque
1006 1018 1196 1073 derides,

232 1090 442 1135 Habitare
467 1092 600 1152 gratis
615 1127 626 1147 ,
656 1107 683 1135 o
703 1093 923 1143 Vacerra,
947 1107 1084 1151 quum
1113 1088 1280 1151 possis?

233 1162 338 1206 Haec
363 1163 632 1206 sarcinarum
660 1178 822 1224 pompa
847 1162 1053 1206 convenit
1082 1162 1218 1222 ponti.

149 1311 163 1332 1
174 1299 206 1332 3.
244 1299 395 1333 Meiebat.
431 1299 509 1334 Hoc
547 1308 617 1341 est,
651 1312 693 1333 ex
733 1311 772 1333 ea

90 1360 195 1397 rupta
207 1351 372 1385 effluebat
380 1353 494 1386 urina.
503 1353 593 1388 Sane
602 1354 772 1399 potuisset

92 1404 222 1438 Noster
238 1405 266 1438 si
282 1418 353 1438 non
370 1407 505 1446 verius,
526 1415 560 1440 at
578 1415 672 1440 certe
688 1406 774 1440 deli-

91 1458 202 1491 catius
222 1458 435 1505 hyperbolas
457 1472 659 1505 congerere.
676 1460 742 1495 En.

149 1515 208 1551 14.
226 1512 314 1545 Foco
333 1515 462 1546 virenti.
485 1512 540 1547 ed.
560 1513 704 1547 Barbou.
719 1534 773 1540 —-

94 1563 215 1597 Focum
234 1565 380 1608 serentis.
402 1567 458 1601 An
483 1566 686 1612 impositam
701 1568 771 1600 Va-

92 1628 211 1659 cerrae,
224 1631 266 1651 an
275 1619 365 1652 servi
377 1619 481 1666 capiti
492 1621 698 1666 amphoram
712 1620 773 1654 cui

91 1670 192 1703 focus
209 1671 480 1706 inerat?videat
490 1674 612 1707 lector.
628 1673 771 1707 Confer.

93 1731 127 1756 et
141 1724 324 1759 Juvenalis
342 1726 413 1759 Sat.
436 1727 511 1768 ΙΙΙ,
537 1726 613 1760 251.
635 1728 774 1771 Legunt

92 1775 172 1813 alii,
185 1793 199 1806 ι
213 1777 306 1811 Foco
323 1780 450 1812 virenti
468 1780 607 1813 suberat
623 1780 773 1825 ampho-

93 1840 142 1861 rae
161 1830 278 1864 cervix
296 1848 326 1864 ι».
341 1832 457 1873 Quam
486 1832 674 1866 lectionem
700 1845 772 1865 non

92 1881 260 1928 intelligo.

151 1936 209 1969 15.
234 1937 356 1969 Tulisse
380 1938 455 1971 vult
476 1938 515 1970 de
540 1939 643 1983 Rooy.
669 1938 774 1972 Gru&

94 1984 172 2019 cod.
188 1989 323 2023 Reverl.
335 2011 386 2016 -—
397 1989 523 2025 Ger-res.
540 1992 774 2025 Locustarum

91 2051 222 2084 genus3
243 2041 327 2075 inde
343 2043 481 2077 minuta
500 2043 659 2090 quaedain
675 2045 775 2078 salsa·

93 2101 224 2127 menta.
236 2094 322 2129 Vid.
336 2096 398 2130 lib.
417 2097 471 2130 III
482 2123 491 2138 ,
508 2098 620 2144 epigr.
634 2110 755 2131 Lxxvn
766 2124 774 2140 ,

93 2157 143 2179 vs.
166 2158 201 2191 7.

152 2201 212 2234 16.
234 2201 327 2234 Odor
345 2203 517 2247 impudicus
529 2231 538 2244 ‚
563 2212 628 2238 etc.
648 2205 774 2246 Teter3

94 2263 219 2287 urceus
237 2254 336 2288 olens
354 2255 531 2300 pudenda.

151 2316 210 2351 17.
229 2308 324 2340 Vicit
343 2307 387 2342 de
398 2310 510 2355 Rooy.
530 2311 620 2343 Visit
635 2309 773 2356 legend.

93 2357 193 2403 jubet
213 2361 461 2396 Beverlandus.

153 2414 211 2447 18.
233 2412 327 2447 Casei
350 2416 518 2449 Tolosatis.
539 2416 624 2450 Mali
644 2417 776 2451 scilicet

95 2465 239 2510 saporiS.
261 2468 390 2501 Tolosa
402 2494 411 2510 ‚
429 2469 514 2502 urbs
533 2469 672 2511 Galliae,
694 2471 775 2504 satis

95 2526 179 2551 nota
198 2518 252 2552 his
271 2520 376 2554 etiam
395 2522 626 2568 temporibus.

154 2583 168 2605 1
179 2583 213 2615 9.
232 2572 420 2617 Quadrima.
430 2575 506 2608 Hoc
515 2585 565 2609 est
573 2600 583 2617 ‚
594 2576 776 2622 puIegium

98 2635 116 2657 a
137 2632 288 2670 quatuor
315 2627 415 2660 annis
446 2637 619 2662 servatum
632 2655 641 2672 ,
662 2641 775 2675 eoque

831 1297 1009 1340 deterius,
1033 1311 1161 1346 nempe
1192 1298 1332 1333 cibariis
1361 1299 1511 1333 rustico-

830 1365 909 1386 rum
932 1351 1141 1386 condiendis
1163 1352 1389 1386 inserviebat.

888 1419 946 1438 20.
983 1405 1093 1439 Cala-ce
1128 1414 1233 1440 restes.
1269 1405 1398 1439 Sensus
1436 1414 1485 1439 est
1501 1417 1509 1438 :

831 1459 922 1492 Allia
945 1468 980 1493 et
997 1471 1090 1505 cepae
1109 1471 1151 1493 ex
1169 1460 1312 1493 funibus
1332 1472 1393 1492 seu
1413 1459 1512 1492 resti-

830 1513 896 1545 bus
917 1511 1114 1557 pendentes
1128 1539 1138 1554 ,
1158 1525 1243 1558 quas
1260 1513 1372 1546 calvas
1390 1521 1511 1553 vocat,

831 1564 927 1611 quod
945 1578 1040 1611 cepae
1056 1566 1125 1599 sint
1141 1567 1279 1611 glabrae.

888 1632 905 1652 2
918 1631 948 1652 1.
967 1619 1072 1652 Maris
1090 1619 1169 1653 cod.
1189 1620 1324 1653 Beverl.

889 1685 946 1705 22.
964 1672 1216 1706 Summoem'anoe.
1246 1673 1322 1706 Hoc
1349 1680 1420 1712 est,
1438 1684 1511 1704 me-

830 1725 985 1758 retrices.
1003 1724 1096 1758 Vide
1131 1738 1207 1771 quae
1237 1725 1280 1759 de
1310 1725 1380 1758 illis
1410 1733 1444 1758 et
1467 1723 1511 1758 de

831 1778 911 1811 loco
922 1777 1074 1812 diximus
1085 1779 1146 1812 lib.
1162 1779 1230 1820 ΙΙΙ,
1243 1778 1354 1824 epigr.
1369 1790 1487 1812 Lxxni
1501 1805 1511 1819 ,

833 1844 882 1865 vs.
899 1844 930 1864 2.

890 1884 948 1917 23.
967 1884 1057 1929 Quid
1071 1887 1197 1930 quaeris.
1216 1884 1292 1918 Hoc
1307 1893 1357 1918 est
1368 1910 1377 1925 ,
1394 1884 1510 1930 inquit

832 1937 1043 1971 Farnabius:
1060 1936 1158 1978 Quid
1174 1939 1300 1983 quaeris
1314 1937 1432 1971 villam
1450 1950 1510 1970 ru-

832 1991 861 2023 ri
878 2016 887 2032 ‚
906 1991 1004 2036 quasi
1016 1991 1208 2024 lautiorum
1225 2003 1324 2024 more
1339 2003 1403 2037 per
1417 1999 1511 2025 aesta-

832 2052 904 2077 tem
922 2044 1154 2078 rusticaturus
1174 2043 1218 2077 sis
1231 2044 1305 2077 ?—
1319 2045 1512 2090 I'illlcosque

832 2096 965 2130 derides.
977 2097 1098 2138 Quum
1108 2097 1277 2130 solvendo
1291 2111 1354 2143 par
1364 2110 1436 2130 non
1453 2097 1510 2131 sis.

889 2154 948 2190 24.
965 2151 1125 2183 Habitare
1140 2154 1254 2195 gratis.
1277 2152 1432 2196 Ipscmet
1453 2163 1512 2183 ex-

832 2203 956 2249 ponit,
979 2205 1039 2237 ubi
1058 2204 1164 2249 gratis
1190 2204 1350 2237 habitare
1375 2204 1508 2249 possit,

833 2257 870 2290 in
898 2265 1006 2302 ponte
1029 2257 1161 2291 scilicet
1183 2269 1266 2290 cum
1287 2270 1391 2303 grege
1410 2269 1512 2290 men-

833 2309 994 2343 dicorum
1008 2336 1017 2350 ,
1049 2311 1110 2356 qui
1140 2311 1274 2344 nullam
1303 2311 1444 2344 solvunt
1465 2308 1509 2343 de

832 2372 942 2409 ponte
957 2364 1178 2409 pensionem.

890 2429 906 2449 2
917 2419 934 2450 5
943 2443 950 2450 .
964 2418 1072 2451 Ponti.
1087 2417 1258 2451 Pontibus
1274 2416 1410 2450 scilicet
1421 2423 1454 2448 et
1466 2423 1512 2449 te·

834 2470 970 2515 getibus
988 2480 1021 2504 et
1038 2469 1297 2517 crepidinibus,
1315 2482 1393 2515 quae
1411 2481 1510 2501 men-

835 2522 994 2558 dicorum
1017 2533 1097 2558 sunt
1118 2524 1302 2564 statione-53
1318 2521 1390 2556 vid.
1407 2534 1512 2567 supra

834 2586 913 2611 not.
931 2577 994 2612 lib.
1008 2578 1042 2611 X
1054 2604 1063 2619 ,
1080 2578 1190 2623 epigr.
1207 2589 1238 2616 v,
1262 2589 1311 2610 vs.
1332 2576 1367 2610 3.
1381 2576 1509 2609 Juven.

835 2629 937 2664 Satir.
954 2631 1020 2671 IV,
1035 2644 1085 2664 vs.
1108 2643 1122 2664 1
1134 2643 1148 2664 1
1159 2633 1178 2664 6
1190 2653 1200 2670 ,
1221 2643 1272 2675 sq.
