1901 3259
335 210 917 255 EPIGRAMMATUM
957 210 1080 251 LIB.
1122 210 1255 252 XIV.

1405 208 1500 271 257

641 363 947 420 CLXIII.

559 518 1036 547 TINTINNABULUM.

166 633 331 676 Reum-2
363 629 522 692 pilam3
551 639 677 673 sonat
700 646 755 673 aes
780 630 1048 673 thermarum
1075 648 1084 672 z
1114 629 1262 675 ludere
1284 632 1455 693 pergis?

238 702 418 763 Virgine
448 701 512 744 vis
539 699 630 744 sola
656 699 770 744 lotus
795 700 913 743 abire
937 699 1130 744 domum.

165 831 204 882 H
227 841 319 883 λίπε
347 833 570 898 σφαιρίδιον
599 832 762 892 (κώδων
792 839 1079 891 βαλανευτικὸς
1100 836 1227 897 ἤχει)-

237 900 295 952 Ηέ
321 911 366 952 σὺ
392 913 637 968 λουσάμενος
665 907 845 967 παρθένῳ
871 904 976 950 οἷκον
1006 908 1071 950 ἴθι.

154 1032 257 1066 1.AEs
272 1032 473 1063 thermarum.
490 1030 684 1075 Campana,
698 1041 775 1074 quae

98 1088 140 1119 ab
167 1083 340 1118 exercitiis
372 1083 539 1116 avocabat
568 1081 612 1115 ad
630 1081 775 1115 balnea:

98 1150 179 1184 quae
200 1145 296 1171 certo
323 1136 427 1170 etiam
451 1144 611 1181 tempore
636 1133 775 1168 claude·

97 1192 234 1225 bantur.
258 1189 412 1223 Galenus
438 1196 536 1221 notat
559 1188 693 1233 priscos
725 1199 776 1220 se-

98 1242 254 1277 cundum
268 1242 350 1287 pilae
363 1241 487 1275 ludum
507 1239 629 1274 calidis
644 1240 778 1274 balneis

97 1296 203 1330 lavari
222 1294 460 1335 consuevisse,
482 1292 526 1326 ad
548 1305 635 1339 quas
654 1291 778 1326 tintin-

98 1349 228 1382 nabulo
240 1348 377 1393 signum
387 1346 553 1380 dabatur:
566 1358 650 1391 quas
663 1345 690 1379 si
702 1345 779 1391 quis

98 1401 321 1447 neglexisset,
340 1412 426 1445 aqua
444 1399 571 1432 Martia
590 1399 644 1432 vel
663 1398 780 1443 Virgi-

98 1467 142 1488 ne
161 1454 313 1495 lavabat3
327 1465 408 1486 nam
424 1460 544 1497 postea
565 1451 698 1484 balneae
711 1463 778 1495 pu-

99 1507 197 1540 blicae
206 1506 328 1539 clausae
339 1513 448 1539 erant.
461 1504 681 1550 Capitolinus
693 1515 777 1548 pro-

99 1559 152 1593 <lit
164 1567 244 1593 ante
261 1556 449 1592 Alexandri
465 1556 585 1590 Severi
599 1565 757 1601 tempora
768 1581 777 1598 ‚

100 1624 285 1657 nunquam
315 1611 469 1644 thermas
500 1617 580 1642 ante
610 1620 775 1641 auroram

100 1673 235 1710 apertas
249 1664 353 1697 fuisse
365 1689 374 1704 ‚
389 1672 422 1696 et
445 1674 581 1707 semper
600 1669 679 1694 ante
695 1660 776 1694 solis

101 1729 259 1750 occasum
272 1715 390 1750 claudi
398 1726 593 1749 consuesse.
604 1712 758 1746 Hadrian
766 1738 773 1745 .

100 1769 300 1803 Juniuslih.
314 1769 368 1802 III
384 1766 627 1800 Animadvers.
637 1777 711 1810 cap.
725 1777 738 1798 1
748 1777 774 1798 1:

837 1031 850 1062 ὃ
868 1026 983 1061 κώδων
995 1030 1089 1072 ἧχεζε
1100 1039 1184 1070 ‚etc.
1199 1032 1343 1065 Lucian.
1364 1034 1434 1079 περὶ
1450 1040 1512 1068 τῶν

837 1082 890 1115 ἐπὶ
919 1085 1021 1127 μισθῷ
1050 1083 1213 1116 ἐνυόντων.
1236 1084 1374 1130 Negant
1400 1095 1517 1120 tamen

837 1133 979 1179 quidam
997 1147 1040 1167 aes
1058 1147 1130 1168 esse
1147 1137 1380 1182 periphrasim
1396 1139 1519 1172 tintin-

837 1187 979 1228 nabuli,
1005 1194 1040 1221 et
1067 1188 1193 1222 volunt
1214 1189 1250 1222 in
1278 1190 1421 1225 thermis
1441 1192 1516 1237 cly-

837 1252 943 1284 peum
958 1251 1085 1273 aereum
1101 1241 1218 1284 fuisse,
1232 1242 1292 1287 qui
1303 1252 1422 1277 catena
1435 1257 1520 1290 pen-

838 1291 942 1326 debat
963 1305 1005 1325 ex
1026 1294 1216 1328 orbiculari
1238 1296 1389 1330 fenestra
1411 1297 1519 1331 forni-

839 1345 887 1378 cis
904 1346 1064 1379 laconici.

893 1418 944 1425 —
969 1398 1093 1431 Ludere
1122 1402 1242 1444 pergis.
1279 1400 1336 1434 Sic
1373 1402 1518 1436 thermae

839 1459 943 1483 erunt
969 1451 1114 1492 clausae,
1136 1461 1240 1497 atque
1270 1453 1317 1487 ita
1342 1466 1430 1500 aqua
1455 1456 1517 1489 fri-

837 1502 917 1548 gida
937 1515 996 1536 seu
1017 1516 1105 1549 aqua
1125 1505 1262 1550 virgine
1280 1506 1396 1540 lavare
1415 1520 1517 1553 coge-

837 1555 896 1588 ris.
906 1554 1002 1588 Vide
1017 1556 1080 1590 lib.
1100 1558 1153 1590 VI
1166 1583 1175 1598 ‚
1194 1558 1303 1603 epigr.
1320 1572 1395 1593 xL11
1411 1586 1420 1600 ‚
1444 1563 1487 1595 18
1507 1573 1515 1593 :

842 1607 982 1641 «Cruda
992 1608 1140 1654 Virgine
1154 1611 1350 1656 Martiaque
1366 1613 1487 1657 mergi.
1500 1631 1511 1643 u

894 1673 927 1694 2.
949 1661 1085 1705 Virgine
1101 1665 1161 1696 vis.
1185 1663 1358 1697 “Praefero
1377 1678 1440 1710 per
1462 1666 1516 1699 in-

837 1713 1107 1758 terrogationem
1121 1740 1129 1755 ‚
1154 1716 1338 1759 l''1'rg.2=1's...
1353 1718 1487 1752 domum.
1497 1736 1510 1748 n

842 1766 922 1799 Ant.
939 1767 991 1798 De
1007 1767 1105 1811 Romu

672 1881 950 1938 CLXIV.

706 2021 915 2050 DISCUS.

175 2133 443 2175 SPLENDIDA
469 2144 602 2188 quum
630 2125 812 2169 volitent
835 2126 1036 2186 Spartani
1062 2127 1256 2186 pondera
1281 2129 1407 2184 disci,

244 2202 346 2244 Este
372 2197 548 2260 procul,
575 2197 698 2258 pueri
721 2213 728 2238 ε
758 2196 811 2240 sit
833 2194 964 2239 semel
988 2194 1058 2240 ille
1083 2213 1256 2241 nocens.

176 2316 316 2359 Δίσκου
338 2309 584 2375 Ᾱμυκλαίοιο
606 2307 659 2354 δι’
679 2313 776 2371 ’ἠέρα
799 2313 1071 2371 ῥιπτομένοιο,

247 2383 338 2439 (Εἴη
362 2381 470 2434 ἅπαξ
490 2378 642 2442 ἔνοχος)
661 2382 800 2429 τηλόθι
821 2381 983 2436 σοῦσθε,
1002 2383 1123 2443 κόροι.

166 2514 178 2534 1
190 2527 196 2533 .
213 2500 397 2545 Splendich.
411 2500 535 2531 Discus
549 2498 643 2530 enim
657 2509 698 2530 ex
714 2510 780 2531 aere

108 2554 163 2587 vel
191 2554 286 2586 ferro
315 2552 437 2592 fiebat,
466 2563 537 2596 quo
566 2550 715 2583 maxime
746 2562 781 2584 se

110 2606 318 2639 exercebant
333 2603 601 2638 Lacedaemonii.

182 2680 270 2721 III.

897 2511 930 2530 2.
953 2497 1004 2531 Sit
1024 2499 1118 2530 semel
1144 2500 1208 2532 ille.
1238 2500 1362 2533 Discus
1386 2514 1513 2549 nempe

840 2563 911 2595 quo
926 2550 1060 2583 occisus
1075 2560 1125 2583 est
1145 2564 1162 2583 a
1175 2552 1305 2585 Phoebo
1322 2566 1409 2598 puer
1426 2556 1516 2597 Hya-

841 2603 995 2636 cinthus.
1014 2602 1106 2636 Vide
1133 2603 1224 2636 infra
1248 2605 1358 2650 epigr.
1385 2595 1513 2642 chtiu.

1220 2692 1271 2735 Ι7
