1901 3259
334 221 916 265 EPIGRAMMATUM
952 220 1077 263 LIB.
1118 219 1236 263 XII.

1448 217 1510 278 59

176 312 323 370 thue
350 308 404 352 sit
426 308 493 352 his
513 308 703 369 pretium
732 307 916 370 meritis,
942 315 985 350 et
1011 306 1151 367 gratia
1175 304 1336 365 major,

243 380 302 422 Et
329 388 478 440 pater,
507 388 551 422 et
578 378 695 440 frugi
721 380 782 423 sic
803 387 877 422 tua
898 392 1019 422 sacra
1039 375 1155 420 colit.

176 453 232 493 At
262 458 307 492 tu
338 459 486 493 sancte
514 458 592 493 tuo
617 450 677 493 sic
706 465 878 510 semper
905 464 1050 492 amere
1074 446 1334 499 Decembri3

246 522 336 564 Hos
365 519 424 563 illi
443 519 597 580 jubeas
627 536 739 581 saepe
769 519 909 563 redire
937 518 1040 563 dies.

109 663 176 690 tur,
203 652 372 695 Saturne,
400 653 436 686 in
464 662 566 687 tuum
594 654 778 687 honorem.

166 706 223 739 13.
248 706 350 751 thue
369 708 413 739 sit
431 707 478 739 his
497 710 643 752 pretium.
665 706 722 740 SiC
744 707 780 740 in

108 758 183 792 MS.
201 771 308 803 marg.
330 757 386 792 ed.
404 760 483 792 Par.
504 762 600 803 1617.
615 781 667 786 ——
684 760 730 793 Ut
740 762 784 792 sit

109 813 155 845 his
176 810 255 844 edd.
276 820 359 845 vett.
380 833 430 837 —
451 812 552 858 thue
573 815 613 846 sit
638 813 686 845 his
705 826 781 858 pre-

112 867 196 897 tium.
213 864 338 897 Sensus
354 872 404 897 est
418 875 425 897 :
440 864 471 897 O
488 865 652 906 Saturne,
666 873 705 898 ut
719 865 782 898 tibi

110 917 240 963 gratior
258 917 302 950 sit
319 917 392 950 haec
411 917 612 959 celebritas,
631 917 705 962 ipse
724 930 784 962 pa-

110 979 162 1003 ter
179 970 302 1011 Prisci,
320 970 374 1002 vir
391 978 504 1002 tamen
522 983 648 1015 parcus
659 995 668 1011 ,
689 970 782 1003 laute

110 1022 191 1055 colit
212 1031 269 1055 tua
292 1021 497 1055 Saturnalia.

166 1074 221 1108 15.
246 1076 329 1107 Tuos
349 1075 530 1107 Decembres
549 1074 627 1108 cod.
648 1075 781 1108 Beverl.

838 654 880 686 In
896 653 1058 687 lemmate
1077 652 1150 697 huj.
1175 664 1230 697 ep.
1242 663 1302 696 pro
1321 651 1432 683 Prisco
1453 650 1513 682 Te-

839 709 938 739 rentio
953 706 1122 739 omittunt
1137 703 1218 738 edd.
1237 712 1320 737 vett.
1338 711 1373 736 et
1386 702 1513 747 Delph.

841 768 874 793 et
886 772 952 806 pro
967 771 1008 792 eo
1021 757 1080 792 dat
1093 760 1125 791 in
1140 758 1241 790 reditu
1255 758 1360 790 Prisci
1377 757 1515 788 Terentii

842 811 899 846 ed.
917 812 1060 845 Barbou.

900 869 952 898 16.
975 865 1046 896 Hos
1065 864 1124 897 illi.
1144 863 1280 909 Nempe
1298 862 1435 897 Prisco,
1456 869 1518 894 aut

842 919 914 963 ejus
944 917 1055 962 patri,
1077 915 1230 950 concede
1256 915 1364 948 vitam
1388 914 1516 959 longae-

841 983 939 1012 vam,
960 971 1057 1014 cujus
1076 981 1139 1015 per
1155 968 1308 1014 spatium
1329 967 1438 1014 possit
1452 966 1517 1000 ite-

842 1036 922 1056 rum
937 1030 1042 1068 atque
1059 1022 1186 1055 iterum
1203 1020 1272 1055 diei
1291 1021 1385 1054 illius
1402 1018 1518 1053 reditu

843 1084 876 1108 et
897 1074 1131 1108 celebratione
1153 1075 1237 1108 frui.

696 1219 937 1274 LXIII.

1050 1350 1067 1365 η.

567 1371 637 1398 ΑΙ)
692 1368 1022 1398 CORDUBAM.

321 1477 486 1519 UNCTO
517 1475 722 1519 Corduba
751 1474 889 1518 laetior
914 1476 955 1517 V
959 1474 1133 1529 enafro,

326 1546 472 1589 Histra
503 1562 582 1589 nec
607 1547 749 1589 minus
778 1544 976 1589 absoluta
1002 1555 1135 1601 testa,

322 1615 420 1659 Albi
447 1633 542 1676 quae
573 1632 750 1676 superas
780 1632 883 1659 oves
905 1615 1080 1671 Galesi,

323 1685 455 1730 Nullo
483 1687 670 1741 murice,
693 1703 772 1730 nec
793 1703 949 1730 cruore
971 1686 1157 1730 mendax
1171 1722 1181 1738 ‚

322 1756 405 1800 Sed
433 1757 576 1800 tinctis
606 1758 807 1817 gregibus
834 1756 978 1801 colore
1009 1757 1130 1807 vivo;

323 1827 406 1869 Dic
435 1836 602 1878 vestro,
625 1844 752 1887 rogo,
776 1828 829 1871 sit
853 1827 996 1888 pudor
1016 1837 1177 1886 poetae,

167 1948 180 1962 *
198 1954 249 1986 De
264 1954 346 1986 malo
357 1961 452 1998 poeta
467 1954 541 1987 MS.
556 1955 593 1987 in
608 1967 715 2000 marg.
732 1954 786 1988 ed.

116 2008 192 2040 Par.
219 2009 329 2051 1617.

166 2074 218 2080 -—
234 2060 277 2091 In
294 2058 562 2093 Cordubensem
578 2068 735 2105 poetam,
755 2069 789 2093 et

116 2112 267 2152 malum,
291 2119 325 2144 et
349 2112 463 2145 furem
488 2113 682 2146 carminum
707 2126 787 2146 suo-

115 2177 195 2198 rum
216 2164 359 2206 scribit;
381 2172 547 2210 rogatque
566 2164 768 2199 Cordubam
780 2192 788 2206 ‚

116 2225 153 2251 ut
164 2230 265 2251 suum
278 2217 440 2251 clientem
453 2226 607 2257 moneat,
623 2231 666 2252 ne
678 2219 786 2252 aliena

116 2283 184 2316 pro
203 2271 272 2304 suis
290 2270 425 2304 recitet.
443 2271 558 2303 Rader.

173 2336 203 2357 1.
233 2323 393 2357 Corduba.
419 2324 513 2357 Urbs
540 2323 716 2370 Hispaniae
745 2323 788 2358 ad

117 2376 238 2410 Baetim
250 2402 259 2416 ‚
278 2376 373 2410 ferax
394 2377 570 2417 olearum,
590 2390 694 2422 quam
713 2378 787 2411 lau-

117 2428 194 2469 dat,
233 2430 342 2462 civem
381 2431 454 2475 ejus
492 2427 755 2475 {imperaturus
778 2442 785 2462 t

118 2489 265 2514 unctum
287 2490 402 2515 autem
424 2483 575 2528 appellat
596 2484 788 2517 Venafrum

119 2535 163 2567 ab
189 2534 293 2573 oleis,
316 2547 392 2579 quae
412 2535 447 2568 in
470 2536 670 2569 Venafrano
691 2537 789 2570 Cam-

113 2587 228 2631 -paniae
250 2599 331 2631 agro
351 2596 542 2621 nascuntur
561 2590 710 2634 optimae.

174 2652 205 2672 2.
225 2640 338 2672 Lustra
355 2639 432 2674 cod.
450 2641 583 2674 Beverl.
599 2665 648 2669 —
661 2643 787 2675 Histra.

848 1954 981 1988 Histria
997 1963 1047 1988 est
1065 1954 1174 1987 Italiae
1199 1955 1367 1987 terminus
1382 1955 1524 2000 Illyrico

848 2007 891 2040 ad
909 2015 1023 2040 ortum
1042 2007 1209 2049 confinis,
1228 2007 1313 2040 oleis
1331 2006 1521 2041 abundans.

849 2059 941 2093 Vide
964 2060 1118 2093 Plinium
1140 2060 1202 2093 lib.
1225 2061 1306 2102 XV,
1325 2073 1399 2106 cap.
1428 2074 1461 2094 2.

903 2113 936 2145 3.
960 2113 1048 2147 Soles
1070 2126 1135 2160 pro
1162 2126 1229 2145 oves
1246 2114 1441 2147 Beverl.—-
1455 2114 1525 2148 Ga-

848 2167 911 2198 lesi.
931 2167 1039 2200 Italiae
1050 2166 1178 2200 fluvius
1192 2175 1242 2199 est
1255 2166 1298 2199 ad
1314 2168 1508 2200 Tarentum
1519 2194 1527 2208 ,

848 2219 910 2252 ubi
936 2232 1016 2253 oves
1044 2220 1159 2252 lanam
1195 2220 1370 2254 habehant
1406 2220 1525 2254 candi⁶

847 2271 1025 2305 dissimam
1047 2284 1054 2306 :
1078 2272 1139 2305 lib.
1159 2273 1214 2311 II,
1241 2273 1348 2318 epigr.
1372 2286 1478 2306 xmn.

903 2329 935 2364 4.
951 2326 1050 2358 Nullo
1063 2328 1189 2359 murice.
1208 2326 1415 2360 Baeticarum
1434 2327 1525 2359 enin·

847 2378 967 2411 ovium
988 2379 1065 2411 lana
1081 2379 1179 2412 nullo
1198 2380 1279 2412 fuco
1296 2379 1430 2412 imbuta
1442 2405 1450 2421 ‚
1466 2379 1525 2412 sed

848 2431 967 2464 nativo
987 2432 1104 2465 colore
1124 2441 1197 2465 erat
1220 2433 1346 2472 tincta;
1367 2431 1465 2477 quod
1484 2433 1528 2466 le-

848 2497 905 2529 ges
924 2485 1031 2530 epig1·.
1052 2498 1070 2517 c
1088 2512 1097 2525 ‚
1117 2485 1221 2518 infra.

904 2540 937 2570 6.
961 2538 999 2570 Si
1028 2551 1093 2583 pro
1125 2541 1166 2570 sit
1190 2538 1290 2572 aliter
1318 2538 1458 2582 legitur.
1478 2560 1528 2564 —

852 2591 924 2623 Dic.
937 2590 1104 2624 Corduba
1116 2617 1123 2631 ,
1135 2590 1190 2623 dic
1202 2599 1263 2624 tuo
1274 2590 1340 2624 civi
1354 2599 1387 2624 et
1397 2591 1526 2624 clienti.

852 2643 941 2676 malo
960 2652 1082 2688 poetae.
