1901 3259
323 264 527 306 sspmss
547 264 900 307 ,mIMATUM
940 263 1062 305 ΜΒ.
1107 240 1219 303 xil.

1413 260 1472 318 ὅ7

741 415 803 471 C.

999 549 1015 565 ῃ

548 572 600 599 ΙΝ
642 570 983 600 EFFRONTEM.

145 697 210 739 Os
232 696 346 738 atavi
363 731 373 749 ,
396 696 528 755 patris
550 710 722 745 nasum,
745 693 831 736 duo
855 692 1014 736 lumina
1037 694 1195 753 patris,

214 768 270 810 Et
292 766 439 809 matris
465 774 610 826 gestus
633 764 737 808 dicis
762 763 922 807 habere
943 773 1037 807 tuae.

146 837 295 893 Quum
326 836 485 879 referas
511 836 698 896 priscos,
725 833 974 894 nullamque
1005 836 1047 878 in
1076 850 1260 894 corpore
1289 844 1457 894 partem

215 908 439 961 Mentiri53
463 906 676 960 frontem,
701 905 770 948 dic
798 905 929 960 mihi,
952 905 1075 965 cujus
1106 904 1273 948 habes?

129 1021 141 1032 '¹
159 1024 233 1056 Hoc
253 1031 286 1056 et
308 1022 379 1056 duo
396 1035 471 1068 sqq.
490 1022 601 1068 epigg.
625 1023 749 1056 absunt

76 1089 93 1109 a
112 1076 219 1109 veteri
236 1075 356 1109 codice
368 1102 378 1118 ,
395 1088 458 1109 nec
475 1075 666 1116 immerito,
685 1088 747 1109 no-

76 1138 168 1163 tante
182 1138 215 1163 et
229 1128 409 1174 judicante
423 1129 598 1162 Flosculo.
613 1130 747 1162 Absunt

77 1183 118 1215 ab
139 1181 217 1216 Ald.
241 1183 338 1216 Junt.
363 1182 478 1217 Colin.
500 1182 640 1215 Bar-bon.

134 1248 160 1268 1.
179 1236 227 1269 Os
239 1239 334 1269 atavi.
349 1236 431 1269 Tria
443 1236 517 1268 haec
531 1236 651 1269 ultima
673 1235 745 1280 epi-

76 1297 263 1333 grammata
280 1303 341 1335 per
357 1303 392 1323 se
408 1290 601 1335 loquuntur
616 1302 625 1330 ;
642 1296 675 1321 et
693 1301 745 1322 ar-

77 1351 278 1387 gumentum
303 1343 374 1388 ipsa
396 1355 496 1376 suum
513 1355 617 1388 quam
633 1342 745 1375 claris-

77 1408 161 1428 §ime
179 1404 371 1441 exponunt.

133 1453 164 1489 4.
194 1449 311 1481 Habes.
341 1448 499 1489 Nullius,
525 1449 668 1481 nullam.
701 1449 745 1480 Es

79 1503 192 1547 itaque
221 1503 372 1541 effrons‚
402 1511 440 1535 ut
469 1509 561 1547 patet
589 1514 629 1534 ex
659 1502 744 1534 lem-

77 1564 177 1588 mate.
197 1555 272 1589 Hoc
300 1567 380 1588 sane
406 1555 616 1600 epigramma
638 1563 670 1588 et
692 1566 744 1594 CI,

78 1621 125 1641 cn
158 1621 279 1654 parum
305 1608 444 1653 sapIunt
472 1607 638 1641 Martiali>
667 1620 743 1641 acu-

810 1034 907 1062 men3
930 1034 994 1054 nec
1014 1022 1071 1054 illa
1089 1022 1313 1066 antiquorum
1336 1021 1481 1054 mirator

809 1074 1105 1120 pertinacissimus
1121 1073 1314 1107 Scriverius
1331 1085 1399 1107 suae
1413 1072 1485 1106 edi-

809 1127 896 1161 tioni
911 1127 1063 1161 inserere
1079 1135 1129 1161 est
1141 1126 1302 1173 dignatus
1312 1151 1322 1167 ‚
1337 1138 1401 1159 nec
1414 1127 1479 1158 Ra*

807 1180 911 1214 derus
925 1180 996 1214 duo
1008 1193 1084 1226 quae
1095 1188 1292 1226 sequuntur
1305 1187 1338 1213 et
1353 1179 1481 1212 librum

807 1233 978 1269 claudunt
1002 1234 1114 1267 voluit
1135 1234 1319 1279 explicare.
1340 1254 1391 1258 —
1410 1233 1480 1265 Im-

806 1288 969 1321 meritum
981 1314 989 1329 ‚
1022 1296 1080 1320 aut
1110 1296 1204 1320 certe
1234 1287 1385 1320 severius
1416 1286 1481 1318 hoc

806 1353 877 1374 esse
906 1340 1099 1387 judicium,
1124 1341 1225 1374 clarr.
1258 1340 1341 1373 virr.
1375 1352 1480 1384 pace,

807 1394 967 1428 dixerim.
990 1395 1040 1427 Ex
1067 1394 1107 1426 iis
1129 1394 1221 1427 enim
1241 1392 1330 1426 illud
1350 1401 1383 1426 et
1404 1405 1481 1438 pro-

807 1448 940 1480 ximum
958 1447 991 1487 (c
1005 1474 1013 1489 ‚
1033 1445 1087 1487 αι)
1104 1459 1168 1481 nec
1189 1448 1279 1480 bona
1305 1459 1369 1479 nec
1395 1446 1482 1479 mala

805 1509 894 1540 sunt,
907 1500 1002 1546 quod
1016 1500 1201 1546 saepissime
1211 1499 1297 1533 sitin
1312 1499 1481 1539 Martiale,

806 1563 839 1587 et
873 1555 907 1587 in
947 1553 1260 1600 epigrammatariis
1299 1552 1479 1593 omnibus;

808 1607 965 1640 ultimum
998 1615 1112 1641 autem
1140 1605 1391 1652 lepidissimum
1421 1613 1481 1637 est.

722 1720 820 1776 CI.

597 1866 661 1892 An
703 1864 735 1891 M
750 1864 877 1891 ATTU
891 1864 940 1891 M.
958 1844 973 1860 *

152 1970 243 2026 Qm
267 1979 396 2029 negat
415 1985 505 2011 esse
526 1968 644 2010 domi
665 1983 730 2021 se,
751 1976 854 2009 tunc
872 1982 1004 2025 qumn
1029 1965 1174 2008 limina
1196 1966 1360 2027 pulsas,

222 2039 339 2096 Quid
362 2039 500 2093 dicat,
523 2036 686 2081 nescis?
706 2037 915 2089 Dormio,
937 2036 1074 2079 Matte
1090 2073 1100 2091 ‚
1123 2037 1212 2080 tibi.

135 2148 149 2159 ”
169 2151 269 2184 Nulla
290 2150 325 2181 in
346 2149 410 2181 isto
429 2148 676 2193 epigrammate
695 2144 755 2178 de-

83 2201 314 2250 prehenditur
329 2201 485 2234 lectionis
498 2199 654 2233 varietas.
670 2197 754 2231 Vid.

84 2257 239 2291 ultimam
254 2263 387 2300 partem
398 2262 488 2287 notae
504 2253 643 2298 primae,
654 2264 754 2297 praec.

85 2311 191 2356 epigr.
218 2309 299 2342 Non
321 2308 409 2340 mihi
427 2307 537 2352 liquet
558 2306 662 2352 hujus
683 2305 756 2350 epi-

85 2361 281 2407 grammatis
311 2372 466 2394 acumen.
498 2358 612 2393 Credo
643 2366 757 2391 tamen

87 2416 178 2460 tangi
199 2428 257 2447 seu
277 2415 448 2453 Manum,
471 2426 531 2446 seu
553 2425 631 2445 eum
655 2411 757 2444 etiam

87 2469 145 2514 qui
156 2466 288 2501 aditum
298 2475 410 2511 negat.
425 2466 460 2499 Si
472 2467 622 2499 Mattum
634 2463 757 2497 admit·

88 2523 144 2562 tis,
158 2534 238 2553 eum
248 2520 303 2552 his
318 2520 431 2552 verbis
442 2519 568 2564 excipit
585 2518 668 2550 alter
684 2517 761 2562 qui-

89 2576 153 2607 bus
169 2574 241 2619 ipse
257 2573 388 2605 Mattus
400 2597 409 2612 ‚
423 2572 538 2604 uxoris
549 2572 692 2604 amasios
703 2582 761 2602 ex·

90 2627 214 2672 eipia13
237 2626 263 2659 si
287 2626 431 2658 alterum
452 2633 564 2657 nutem
579 2649 588 2664 ‚
616 2622 764 2656 voluerit

92 2679 260 2713 Martialis
283 2691 360 2712 eum
384 2678 434 2710 uti
454 2690 531 2722 erga
558 2677 763 2709 invisentem

816 2145 965 2178 amicum
990 2145 1136 2178 formula
1162 2159 1249 2190 qua,
1271 2147 1372 2180 nimis
1402 2160 1487 2181 uxo·

816 2197 890 2230 rius
901 2222 910 2237 ,
923 2198 1035 2231 utitur
1049 2211 1127 2244 erga
1144 2198 1354 2232 nobiliorem
1371 2213 1492 2245 quem-

817 2249 908 2283 dam.
922 2251 989 2283 En.

873 2318 904 2336 Ἰ.
929 2305 1075 2343 Dormio,
1102 2304 1166 2337 tibi.
1192 2305 1294 2346 Tibi,
1318 2319 1380 2338 non
1398 2320 1463 2339 snm
1478 2334 1486 2347 ,

818 2370 879 2389 non
893 2370 1032 2402 possum,
1055 2370 1116 2389 non
1133 2358 1205 2390 licet
1222 2372 1285 2390 esse
1301 2359 1393 2392 domi.
1410 2360 1435 2392 F
1438 2372 1491 2392 or-

818 2422 877 2442 san
905 2410 1045 2455 respicit
1072 2410 1115 2442 ad
1138 2410 1282 2444 Galbam
1315 2412 1373 2456 qui
1408 2411 1490 2445 dor-

818 2462 946 2496 miebat
964 2463 1164 2504 Maecenati,
1182 2463 1266 2496 dum
1285 2464 1394 2508 ipsius
1409 2477 1491 2498 con-

822 2516 895 2559 jugi
922 2516 979 2548 ille
1008 2515 1242 2557 blandi1¹etur3
1270 2517 1323 2549 vel
1355 2516 1396 2550 ad
1424 2519 1494 2551 En—

824 2569 923 2601 nium
958 2568 1226 2614 respondentem
1257 2568 1406 2614 quadam
1438 2570 1495 2604 die

825 2622 996 2667 Scipioni,
1022 2635 1053 2653 se
1083 2635 1143 2653 non
1170 2635 1230 2653 esse
1253 2623 1345 2656 domi.
1371 2623 1495 2657 Sensus

828 2676 925 2718 prior
946 2675 1022 2719 plus
1044 2683 1187 2719 saperet.

1233 2739 1291 2790 6³¹1
