1901 3259
301 189 894 234 EPIGRAMMATUM
933 189 1055 232 LIB.
1096 189 1234 232 XIV.

1376 203 1470 248 207

635 342 892 398 LXXV

614 498 926 527 LIJSGINIA„

130 626 251 668 FLET
273 623 512 668 Philomela
536 624 657 668 nefas
678 624 830 668 incesti
851 624 1012 667 Tereos
1033 641 1041 666 :
1067 633 1111 667 et
1137 639 1232 683 quoe

202 695 329 738 Muta
352 693 496 755 puella
522 694 629 750 fuit,
651 693 825 755 garrula
854 693 994 737 fertur
1018 694 1123 737 avis.

132 828 167 879 H
195 837 411 897 Φιλομήλα
440 835 535 896 ἄγος
567 838 721 896 Τηρῆος
747 830 949 895 ὀδύρεται·
979 839 1003 882 ἥ
1032 852 1077 878 τε

204 907 382 966 Πρόσθεν
415 909 519 950 ἐοῢσ’
548 905 693 959 ἅνεως,
726 907 856 966 ὅρνεόν
883 908 945 956 {eya
970 904 1110 949 λάλον.

116 1058 142 1079 1.
160 1045 244 1079 Flet.
258 1045 328 1086 Sic,
342 1044 404 1079 sed
422 1045 599 1091 copiosius
615 1044 716 1078 Maro
730 1072 739 1087 ‚

64 1098 193 1144 Georg.
208 1099 273 1140 IV,
289 1098 308 1132 5
319 1112 331 1132 1
343 1103 362 1140 4
376 1110 385 1132 :
404 1099 503 1131 «Flet
514 1106 656 1132 noctem
667 1124 676 1140 ‚
691 1110 742 1131 ra-

63 1164 191 1197 moque
215 1151 339 1185 sedens
368 1151 566 1185 miserabile
601 1163 740 1185 carmen

63 1205 219 1250 Integrat
237 1213 271 1238 et
287 1205 416 1238 moestis
431 1205 500 1238 late
514 1205 590 1238 loca
613 1204 743 1250 questi-

65 1258 129 1290 bus
154 1258 469 1304 implet.—Incesti
487 1259 614 1291 Tereos.
636 1257 743 1303 Cujus

66 1311 284 1344 mentionem
317 1312 386 1356 jam
416 1310 562 1345 fecimus
592 1311 654 1343 lib.
679 1311 743 1351 IV,

65 1364 176 1409 epigr.
202 1376 296 1398 xmx.
320 1364 409 1398 Satis
427 1373 509 1397 nota
539 1373 590 1397 est
622 1363 743 1397 Philo-

801 1045 900 1077 melae
933 1044 1048 1076 fabula
1068 1069 1077 1084 ,
1117 1056 1193 1089 quae
1231 1056 1425 1090 compressa
1464 1059 1480 1078 a

801 1098 932 1136 Tereo,
951 1096 1079 1130 marito
1090 1097 1218 1129 sororis
1231 1110 1300 1130 suae
1314 1098 1463 1131 Procnes
1478 1126 1485 1137 ,

802 1150 838 1183 in
860 1150 1042 1183 lusciniam
1064 1158 1196 1183 mutata
1219 1150 1295 1184 fuit.

861 1216 894 1236 2.
916 1203 1010 1236 Meta
1028 1203 1148 1247 puella.
1171 1203 1238 1236 Cui
1260 1203 1390 1236 scilicet.
1413 1203 1475 1235 lin>

804 1268 909 1302 guam
935 1255 1129 1289 absciderat
1147 1257 1300 1298 Tereus,
1320 1269 1364 1289 ne
1388 1256 1480 1288 ince-

803 1318 896 1343 stum
914 1309 1029 1355 palam
1048 1308 1287 1343 faceret.Vide
1313 1308 1479 1342 Ovidium

804 1362 1042 1408 Metamorph.
1059 1363 1120 1395 lib.
1139 1363 1203 1395 VI.

630 1501 924 1558 LXXVL

710 1659 847 1687 PICA.

140 1787 248 1830 Pici
279 1786 437 1847 loquax
468 1797 585 1831 certa
616 1787 843 1831 dominum
873 1795 915 1829 te
946 1802 1054 1829 voce
1082 1785 1243 1836 salutm

211 1857 253 1900 Si
286 1874 355 1900 me
389 1874 478 1901 non
508 1857 682 1913 videas,
708 1874 800 1901 esse
829 1856 1006 1918 negabis
1031 1872 1169 1900 avem.

140 1992 280 2036 Κίττα
301 1994 408 2040 λάλη
437 1994 646 2054 πρόσφημί
672 1996 708 2036 σ’
736 1994 908 2054 ἐνάρθρῳ
933 1995 1064 2053 κύριον
1094 1988 1199 2054 αὐδῇ
1216 2011 1224 2018 ·

209 2063 336 2114 Φαίης
359 2065 412 2118 κ’,
438 2067 513 2124 οὐχ
537 2065 659 2125 ὁρόων
688 2066 745 2125 μ’,
768 2065 897 2125 ὄρνεον
928 2067 1001 2107 οὐκ
1026 2065 1174 2123 guaston.

129 2215 160 2235 1.
193 2203 273 2235 Pica
309 2203 437 2249 loquax.
470 2203 630 2248 Namque
664 2203 751 2248 picae

72 2255 261 2300 loquacitas
284 2268 325 2289 eo
351 2255 506 2289 nominis
528 2257 626 2289 venit
644 2266 683 2289 ut
705 2255 750 2289 de

73 2320 111 2341 ea
126 2308 313 2354 proverbia
325 2309 435 2342 multa
445 2309 748 2342 circumferantur.

73 2361 167 2394 Naso
190 2374 245 2394 eas
267 2360 353 2395 dicit
374 2361 457 2395 olim
481 2362 587 2395 fuisse
609 2362 683 2395 Pici
707 2362 749 2395 fi-

72 2413 156 2455 lias,
176 2414 303 2459 quibus
325 2414 361 2446 in
381 2415 478 2447 alites
497 2416 637 2448 mutatis
660 2432 673 2444 ι(
698 2415 748 2448 fa-

73 2465 201 2499 cundia
220 2467 332 2512 prisca
359 2467 544 2508 remansit,
564 2469 750 2513 Raucaque

73 2519 268 2564 garrulitas,
287 2519 515 2564 studiumque
528 2520 679 2554 immane
698 2521 750 2553 lo-

74 2571 205 2616 quendi
213 2589 226 2602 ιι
237 2598 244 2604 .
253 2572 339 2606 Met.
348 2572 411 2605 lib.
424 2573 470 2613 V,
482 2576 502 2606 6
509 2585 528 2617 7
536 2573 750 2607 8.—Salut0.

77 2624 168 2658 Nam
181 2624 216 2658 id
227 2625 381 2670 primum
393 2625 547 2670 garrulas
561 2637 638 2659 aves
651 2625 754 2659 doce-

78 2677 174 2712 bant.
192 2677 333 2712 Arbiter
349 2678 385 2711 in
404 2678 653 2712 Trimalcionis
669 2691 755 2712 con-

810 2202 927 2236 vivio:
946 2220 959 2233 «
976 2201 1087 2247 Super
1112 2209 1230 2234 autem
1255 2202 1362 2234 limen
1386 2214 1486 2236 cavea

810 2253 990 2301 pendebat
1013 2267 1118 2288 aurea
1143 2254 1179 2287 in
1205 2267 1271 2300 qua
1297 2255 1372 2300 pica
1394 2256 1486 2288 varia

810 2309 980 2342 intrantes
1011 2308 1193 2341 salutabat.
1225 2325 1239 2337 »
1266 2308 1403 2340 Persius
1420 2333 1429 2347 ‚
1451 2309 1484 2340 in

809 2362 978 2408 prologo,
1002 2373 1052 2394 vs.
1079 2373 1098 2405 7
1122 2372 1130 2393 :
1166 2378 1179 2390 α
1198 2360 1286 2402 Quis
1307 2359 1486 2405 expedivit.

810 2415 956 2460 psittaco
977 2426 1079 2447 suum
1092 2415 1195 2458 χαῖρε;
1205 2430 1218 2442 »
1232 2414 1276 2446 Et
1288 2414 1415 2446 Noster
1428 2413 1486 2446 lib.

809 2469 881 2509 IX,
905 2468 1013 2513 epigr.
1035 2480 1098 2508 LV,
1116 2478 1184 2510 9:«
1205 2465 1294 2498 Inde
1320 2466 1488 2498 salutatus

810 2521 898 2566 picae
921 2518 1110 2565 respondet
1129 2527 1244 2552 arator
1259 2535 1290 2551 n.

870 2588 902 2607 2.
920 2574 1001 2606 Esse
1027 2572 1168 2616 negabis.
1193 2570 1273 2604 Pica
1294 2570 1387 2603 enim
1418 2579 1484 2604 tam

815 2625 1024 2660 articulatim
1050 2624 1223 2669 loquitur,
1251 2633 1289 2657 ut
1317 2636 1383 2656 vox
1414 2626 1486 2668 ejus

815 2692 880 2724 pro
903 2679 1054 2712 humana
1075 2689 1160 2711 voce
1179 2677 1268 2710 sumi
1290 2677 1409 2722 possit.
