1901 3259
330 219 909 263 EPIGRAMMATUM
947 220 1073 262 LIB.
1113 218 1258 260 XIII.

1406 231 1499 275 119

763 371 823 427 L.

669 505 926 554 TUBERA.*

161 653 425 694 RUMPIMUS
454 650 649 694 altricem
679 660 829 694 tenero
855 666 950 710 quae
976 650 1134 692 vertice
1163 658 1322 691 terram

228 721 423 777 Tubern,
454 720 607 765 boletis
634 737 763 782 poma
790 720 979 765 secunda
1008 735 1167 764 sumus.

230 855 440 925 ῥηγνύντα
463 863 600 923 κρῆθεν
627 858 729 905 ὕδνα
758 862 872 924 γαίην
901 866 1055 923 μητέρα

229 933 292 976 Τὰ
318 928 521 993 δευτερεῖα
546 939 625 976 τῶν
655 935 842 992 μυκήτων
868 932 1045 992 ἴσχομεν.

143 1069 156 1083 '‘
178 1073 312 1106 Tubera.
327 1072 463 1106 Gallice
474 1073 527 1105 des
542 1074 664 1116 trusses.
675 1072 761 1107 Vid-

90 1126 133 1160 de
150 1126 203 1159 his
222 1138 298 1171 quae
319 1126 355 1159 in
377 1134 459 1159 nota
487 1139 519 1160 2.

146 1192 177 1212 1.
201 1180 321 1212 Tenet-o
342 1192 412 1225 quae
432 1181 559 1212 vertice.
591 1179 648 1212 Sic
672 1179 763 1213 Gru-

90 1240 153 1265 ter.
177 1243 195 1265 e
217 1232 316 1266 MSS.
327 1231 411 1265 Vid.
434 1232 546 1273 infra,
568 1232 677 1278 epigr.
695 1245 760 1266 cn.

92 1286 142 1317 De
162 1288 279 1318 vertice
302 1285 432 1319 habent
453 1284 533 1318 edd.
559 1284 637 1318 Ald.
660 1286 760 1318 Junt.

91 1338 206 1371 Colin.
230 1339 378 1371 Farnab.
395 1359 446 1365 —-
463 1339 644 1383 Rumpimus
669 1339 762 1371 altri-

90 1404 152 1423 cem
172 1399 275 1424 tenero
294 1405 364 1438 qnoe
378 1394 495 1424 ‘vertice
516 1399 640 1424 terram.
665 1391 762 1425 Foris

89 1444 221 1490 quippe
236 1444 411 1490 prodeunt
431 1446 572 1485 tubera,
591 1445 650 1477 ubi
671 1453 762 1477 terra

91 1497 229 1531 mollior
244 1506 304 1531 est.

145 1564 178 1584 2.
200 1551 502 1584 Tube1·a.«Tubera
518 1551 677 1596 ›»,inquit
698 1551 761 1584 Isi-

90 1602 195 1637 dorus
213 1603 257 1638 de
273 1605 323 1637 Re
341 1605 469 1638 rustica
481 1605 542 1638 lib.
557 1605 645 1637 XVI
657 1629 666 1645 ‚
684 1613 763 1637 «tu-

90 1669 170 1689 mor
179 1665 279 1690 terrae
289 1656 406 1701 prodit
417 1671 426 1699 ;
437 1670 548 1703 eaque
564 1669 679 1690 caussa
695 1657 763 1690 illis

91 1722 219 1743 nomen
231 1709 365 1744 dedit.»
387 1710 464 1743 Hoc
482 1711 607 1743 falsum
629 1723 700 1743 esse
722 1723 762 1743 ex

92 1762 219 1803 Plinio,
228 1762 433 1796 Dioscoride
446 1771 479 1796 et
489 1763 621 1796 Galeno
633 1762 741 1796 disces
753 1789 761 1804 ‚

91 1815 153 1859 qui
184 1816 306 1849 tubera
338 1815 515 1849 radicibus
546 1815 760 1849 ademerunt.

92 1868 252 1914 Namque
279 1868 431 1906 Plinius.¹
454 1869 491 1902 in
517 1880 637 1901 rerum
664 1877 763 1901 natu-

91 1920 216 1954 ralium
229 1921 371 1954 historia
384 1948 393 1962 ‚
407 1922 470 1954 lib.
488 1922 593 1962 XIX,
613 1933 689 1966 cap.
717 1934 733 1953 2
752 1933 760 1953 .·

96 1991 108 2002 α
127 1974 269 2008 Tubera
304 1983 473 2008 vocantur
502 1974 575 2007 haec
607 1973 762 2019 undique

91 2035 181 2060 terra
201 2026 434 2068 circumdata,
460 2027 634 2072 nullisque
664 2027 761 2060 fibris

91 2080 170 2113 nixa
188 2088 248 2113 aut
265 2080 386 2113 saltem
409 2079 679 2125 capillamentis,
694 2092 760 2113 nec

90 2132 211 2178 utique
231 2134 456 2166 extuberante
474 2134 552 2166 loco
569 2133 605 2166 in
624 2145 694 2178 quo
711 2133 761 2178 gi-

88 2194 264 2230 gnuntur,
293 2195 353 2220 aut
373 2187 496 2219 rimam
523 2194 668 2231 agente,
698 2198 762 2219 nec

90 2238 162 2283 ipsa
178 2247 278 2273 terrae
296 2239 481 2273 cohaerent.
503 2239 642 2272 Cortice
656 2239 760 2272 etiam

91 2291 336 2333 includuntur,
363 2301 402 2325 ut
420 2293 522 2339 plane
542 2304 607 2325 nec
632 2300 761 2325 terram

91 2357 163 2377 esse
197 2346 327 2390 possim
357 2344 494 2386 dicere,
529 2358 643 2391 neque
666 2344 762 2378 aliud

91 2409 195 2441 quam
229 2405 330 2430 terrae
366 2399 503 2431 callum.
544 2398 651 2431 Siccis
689 2398 761 2431 haec

92 2450 162 2482 fere
184 2458 219 2483 et
245 2451 410 2483 sabulosis
433 2451 675 2496 fruticosisque
702 2464 759 2484 na-

90 2511 245 2536 scuntur.
270 2503 451 2537 Excedunt
475 2517 564 2549 saepe
586 2504 759 2549 magnitu-

92 2554 210 2588 dinem
238 2557 394 2595 cotonei,
419 2557 520 2590 etiam
539 2557 652 2590 librali
674 2570 760 2602 pon-

91 2607 184 2642 dere.
205 2609 284 2642 Duo
300 2621 423 2643 eorum
443 2621 568 2655 genera
592 2622 598 2641 z
619 2622 762 2644 arenosa

823 1081 858 1106 et
875 1072 1039 1106 dentibus
1056 1072 1216 1113 inimica;
1229 1073 1335 1105 altera
1356 1072 1499 1106 sincera.

822 1126 1094 1171 Distinguuntur
1118 1134 1152 1159 et
1180 1125 1299 1158 colore
1322 1125 1420 1166 rufo,
1444 1125 1499 1158 ni-

820 1191 955 1224 groque
986 1187 1019 1211 et
1046 1179 1140 1211 intus
1169 1177 1334 1211 candido.
1364 1178 1499 1212 Lauda-

821 1232 949 1265 tissima
966 1244 1043 1277 quae
1064 1232 1190 1265 Africae
1208 1240 1385 1270 crescunt,
1405 1240 1469 1264 etc.
1481 1250 1493 1261 »

821 1285 904 1318 Mox
925 1284 1044 1318 eadem
1062 1284 1252 1317 describit:
1273 1302 1286 1314 «
1302 1286 1354 1317 De
1370 1285 1499 1318 tuberi-

820 1339 906 1377 bus,
929 1339 1067 1384 inquit,
1090 1338 1162 1371 haec
1184 1337 1371 1371 traduntur
1392 1350 1497 1383 pecu-

819 1391 976 1425 liariter:
996 1404 1103 1436 quum
1124 1391 1256 1424 fuerint
1281 1391 1409 1423 imbres
1435 1403 1497 1423 au—

822 1445 995 1478 tumnales
1011 1457 1049 1478 ac
1072 1444 1227 1477 tonitrua
1249 1444 1391 1485 crebra,
1416 1453 1498 1477 tunc

821 1498 914 1531 nasci
937 1506 971 1531 et
992 1498 1140 1530 maxime
1161 1510 1179 1530 e
1201 1497 1411 1539 tonitribus,
1432 1508 1498 1529 nec

822 1551 914 1584 ultra
927 1564 1056 1584 annum
1075 1550 1221 1592 durare3
1238 1551 1424 1584 tenerrima
1437 1563 1498 1583 au-

822 1613 889 1637 tem
912 1617 1018 1637 verna
1037 1616 1110 1637 esse
1125 1630 1134 1645 ,
1156 1603 1244 1636 Asiae
1263 1603 1477 1637 nobilissima
1490 1631 1499 1644 ‚

820 1657 910 1691 circa
941 1658 1171 1703 Lampsacum
1197 1665 1232 1689 et
1254 1657 1499 1702 Alopeconne-

820 1723 909 1744 sum.
936 1728 948 1740 »
972 1716 1021 1743 De
1044 1709 1168 1742 iisdem
1191 1708 1285 1742 idem
1312 1710 1385 1742 fere
1414 1710 1498 1742 Dio-

821 1762 972 1796 scorides
990 1763 1051 1795 lib.
1069 1764 1122 1800 ss,
1139 1775 1214 1807 cap.
1238 1762 1320 1806 139.
1334 1783 1384 1787 —
1396 1763 1497 1794 Poma

819 1816 967 1848 secunda.
1002 1816 1107 1847 Poma
1136 1816 1210 1848 haec
1239 1823 1337 1848 vocat
1364 1815 1498 1860 impro-

819 1869 913 1914 prie3
924 1867 985 1901 sed
996 1868 1044 1901 nil
1058 1869 1174 1901 refert.
1185 1869 1265 1901 Non
1276 1880 1357 1912 ergo
1374 1867 1497 1901 boletis

820 1922 1123 1966 anteponebantur
1151 1920 1243 1966 apud
1263 1922 1407 1954 Veteres
1444 1929 1498 1953 tu-

820 1975 901 2007 bera
919 1986 926 2007 :
944 1987 997 2007 res
1016 1974 1105 2007 mira
1118 1987 1200 2007 sane
1213 2001 1221 2015 ‚
1239 1986 1348 2020 quum
1363 1974 1497 2019 optime

820 2026 1000 2060 hodiernis
1010 2027 1097 2072 gulis
1104 2040 1182 2060 cum
1194 2027 1360 2060 Romanis
1370 2027 1499 2059 helluo-

820 2080 925 2113 nibus
935 2080 1119 2113 conveniat
1129 2081 1219 2113 circa
1230 2080 1359 2121 omnia,
1378 2093 1479 2125 apros
1492 2106 1500 2122 7

821 2133 916 2166 verbi
933 2133 1039 2178 gratia
1052 2159 1061 2173 ,
1081 2133 1266 2166 Phasianos
1279 2158 1288 2174 ,
1307 2133 1475 2166 rhombos
1490 2160 1500 2173 ,

821 2199 981 2219 anserum
999 2194 1210 2232 amatumque
1229 2186 1408 2231 jecinora,
1430 2195 1496 2219 etc.

820 2239 936 2272 Unam
958 2248 1073 2272 tamen
1099 2252 1117 2271 e
1148 2240 1323 2285 primariis
1355 2238 1495 2272 sedibus

821 2292 1026 2334 obtinuere,
1046 2300 1133 2326 teste
1155 2294 1208 2326 vel
1228 2292 1413 2331 Juvenale,
1434 2300 1496 2324 sat.

820 2344 866 2387 V,
878 2358 926 2378 vs.
941 2358 954 2378 1
968 2359 980 2379 1
990 2348 1024 2387 6,
1035 2358 1108 2391 sqq.
1124 2364 1136 2375 «ι
1146 2354 1225 2391 post
1235 2345 1330 2378 hunc
1341 2340 1499 2389 (aprum)

822 2397 1002 2432 tradentur
1023 2399 1141 2431 tubera
1155 2425 1163 2439 ,
1177 2399 1202 2431 si
1218 2411 1279 2431 ver
1294 2399 1395 2430 Tunc
1413 2398 1479 2429 erit
1491 2423 1500 2437 ‚

820 2459 854 2484 et
885 2451 1012 2484 facient
1046 2460 1162 2496 optata
1199 2451 1352 2484 tonitrua
1387 2453 1499 2483 foenas

822 2505 981 2549 Majores.
1007 2505 1088 2538 Tibi
1124 2504 1213 2538 habe
1251 2504 1467 2536 frumentum
1487 2528 1496 2542 ‚

823 2557 978 2591 Alledius
997 2558 1109 2602 inquit
1121 2582 1129 2597 ,
1142 2557 1173 2589 O
1190 2556 1316 2601 Libye!
1335 2555 1495 2600 disjunge.

823 2611 945 2651 boves,
964 2609 1049 2644 (lum
1073 2611 1193 2644 tubera
1215 2609 1341 2642 mittas.
1363 2626 1374 2637 n
1394 2609 1458 2641 ED-

1237 2707 1297 2758 84
