2044 3292
481 182 544 227 26

854 183 915 226 M.
941 184 1082 227 VAL.
1118 183 1515 228 MARTIALIS

1060 333 1312 388 XXIX.

847 490 911 518 DF.
950 489 1297 518 HERMOGENE
1336 489 1491 518 FURE.
1514 468 1532 486 '⁵

553 615 882 657 HERMOGENES
904 622 1052 656 tantus
1076 628 1360 673 mapparum,
1384 612 1584 668 Pontice,
1607 612 1676 656 fur
1700 622 1783 668 est,

622 683 826 739 Quantus
849 699 1133 726 nummorum
1156 685 1251 738 vix,
1273 692 1405 745 puto,
1430 684 1578 726 Massa
1600 682 1694 727 fuit.

552 756 619 797 Tu
641 753 739 797 licet
760 753 966 797 observes
987 753 1186 797 dextram
1201 789 1213 810 ,
1233 763 1468 815 teneasque
1490 754 1731 808 sinistram,

624 824 851 878 Inveniet,
873 840 1080 885 mappam
1105 841 1193 885 qua
1217 826 1384 869 ratione
1406 825 1565 869 trahat.

557 895 773 939 Cervinus
799 894 990 956 gelidum
1017 895 1166 940 sorbet
1186 896 1246 940 sic
1266 896 1426 940 halitus
1448 911 1660 957 anguem:

630 967 821 1010 Casuras
853 965 938 1010 alte
969 968 1030 1011 sic
1059 968 1173 1028 rapit
1201 968 1283 1011 Iris
1314 983 1460 1028 aquas.

556 1037 711 1097 Nuper
738 1053 874 1098 quum
902 1038 1079 1099 Myrino
1104 1047 1328 1099 peteretur
1353 1038 1503 1082 missio
1528 1035 1651 1093 laeso,

632 1107 850 1152 Subduxit
870 1124 1055 1170 mappas
1077 1119 1267 1170 quatuor
1287 1110 1600 1169 Hermogenes.

562 1179 786 1222 Cretatam
808 1189 970 1241 praetor
992 1195 1127 1240 quum
1149 1179 1279 1224 vellet
1299 1180 1472 1224 mittere
1491 1193 1718 1238 mappam,

546 1330 560 1344 ⁴¹
579 1335 708 1369 Furem
725 1337 883 1370 nobilem
899 1345 934 1371 et
953 1338 1172 1383 ingeniosum

496 1389 561 1422 sub
580 1401 729 1434 persona
750 1391 979 1436 Hermogenis
1002 1390 1173 1437 depingit.

477 1441 614 1475 -Finxit
635 1443 738 1475 etiam
761 1443 866 1476 Poeta
886 1453 1008 1489 aptum
1025 1444 1093 1477 furi
1111 1456 1176 1477 no-

496 1495 679 1529 men.Vid.
698 1505 776 1529 not.
798 1497 938 1542 subseq.

556 1560 586 1581 1.
605 1549 832 1593 Hermogene&
854 1554 928 1583 Hoc
942 1558 993 1584 est
1006 1576 1014 1591 ,
1031 1550 1074 1583 ab
1092 1549 1180 1582 Her-

497 1613 553 1633 me
569 1614 628 1634 seu
642 1602 822 1637 Mercurio
836 1603 994 1648 genitus,
1010 1603 1070 1649 qui
1085 1615 1180 1636 nem·

498 1667 544 1699 pe
573 1663 624 1688 est
650 1655 770 1688 furum
798 1655 885 1689 deus
912 1668 919 1689 :
947 1665 1065 1689 noster
1096 1669 1179 1700 ergo

498 1716 604 1752 poeta
626 1708 847 1753 aptissimum
869 1710 937 1743 furi
955 1710 1023 1743 hoc
1047 1722 1180 1743 nomen

500 1760 721 1805 excogitavit.

558 1827 589 1847 2.
600 1815 856 1848 [llassa.Verres
865 1827 978 1849 novus
987 1815 1182 1861 imperante

502 1868 717 1901 Domitiano.
737 1869 788 1901 De
807 1881 848 1902 eo
870 1869 1008 1902 Plinius
1025 1868 1144 1913 junior
1159 1869 1182 1901 l.

502 1921 591 1962 VII,
605 1921 707 1966 epist.
725 1922 788 1954 ult.
801 1925 837 1962 4,
860 1920 1038 1955 «Dederat
1058 1934 1114 1954 me
1129 1934 1183 1954 se-

504 1982 608 2007 natus
622 1987 701 2007 cum
720 1973 899 2008 Herennio
913 1974 1108 2008 Senecione
1125 1973 1185 2007 ad·

503 2036 671 2060 vocatum
693 2027 885 2072 provinciae
907 2028 1044 2060 Baeticae
1062 2036 1185 2061 contra

506 2081 663 2113 Baebium
676 2081 823 2113 Massam
834 2079 1186 2126 3dmnnat0queMas-

506 2146 560 2174 sa,
576 2141 779 2174 censuerat,
796 2142 835 2167 ut
844 2135 936 2167 bona
952 2135 1026 2179 ejus
1045 2134 1186 2179 publice

506 2186 781 2220 custodirentur.
798 2204 811 2216 »

564 2239 597 2273 5.
621 2240 772 2274 Cervinus
793 2239 954 2285 gelidum,
982 2247 1046 2274 etc.
1068 2240 1186 2273 Attra-

508 2293 563 2326 hit
580 2293 795 2338 surripitque
811 2305 954 2338 mappas
970 2293 1085 2326 nativa
1107 2305 1189 2338 qua-

510 2345 588 2380 dam
606 2346 809 2388 furacitatc,
819 2359 892 2378 non
909 2359 1007 2380 secus
1018 2358 1055 2379 ac
1067 2358 1188 2379 cervus

510 2399 660 2433 naturali
690 2399 881 2445 antipathia
901 2407 1080 2444 serpentes
1097 2412 1115 2432 e
1140 2400 1189 2433 la-

511 2453 619 2486 tebris
635 2452 761 2498 spiritu
777 2452 946 2492 extrahit,
959 2465 1071 2486 cornu
1090 2451 1191 2486 elidit

512 2515 692 2552 voratque.
716 2505 822 2538 Unde
851 2506 967 2550 ἔλαφος
998 2505 1188 2539 Plutarcho

511 2559 571 2591 lib.
601 2558 645 2592 de
672 2557 779 2593 Prud.
807 2559 946 2592 animal.
974 2557 1088 2592 dictus
1124 2560 1187 2592 ἀπὸ

511 2615 566 2645 τεῦ
590 2614 666 2646 ἑλεῖν
689 2613 743 2645 vcl
768 2614 839 2657 ἐλᾷν
864 2612 935 2651 τοὺς
960 2613 1054 2657 ὄφεις.

1289 1340 1323 1372 6.
1350 1338 1425 1371 Iris.
1452 1339 1567 1370 Arcus
1595 1335 1726 1369 scilicet
1759 1333 1916 1368 caelestis.

1234 1390 1459 1431 Aristoteles,
1479 1389 1539 1423 lib.
1555 1389 1609 1422 III
1628 1389 1780 1421 Meteor.
1795 1388 1843 1421 ὅτι
1859 1387 1915 1432 μὲν

1236 1441 1285 1477 οὖν
1304 1444 1479 1482 ἀνάκλασις
1506 1444 1526 1479 ἡ
1552 1443 1607 1487 ἰ’ρις
1634 1444 1692 1480 τῆς
1721 1441 1820 1485 ὅψεως
1838 1441 1917 1485 πρὸς

1234 1499 1287 1530 τὀν
1307 1497 1411 1537 ἥλιον,
1429 1497 1571 1541 φανερόν.
1598 1512 1610 1523 ‹-
1629 1493 1738 1536 Quod
1755 1505 1837 1539 ergo
1854 1493 1919 1526 lris

1236 1550 1281 1584 sit
1309 1550 1474 1583 refractio
1506 1548 1688 1594 adspectus
1716 1546 1760 1580 ad
1788 1547 1920 1587 solem,

1237 1603 1463 1636 manifestum
1494 1611 1546 1636 est
1574 1619 1588 1631 n
1608 1627 1616 1644 ,
1640 1609 1706 1634 etc.
1732 1600 1823 1633 Pliu.
1858 1599 1918 1633 lib.

1238 1657 1293 1695 II,
1314 1668 1389 1701 cap.
1414 1656 1473 1699 59.

1295 1722 1328 1754 7.
1344 1710 1449 1754 Quum
1460 1709 1604 1754 illyrium
1621 1716 1688 1741 etc.
1706 1708 1759 1740 De
1773 1718 1843 1752 quo
1860 1706 1921 1739 lib.

1241 1762 1357 1807 Spect.
1386 1762 1496 1807 epigr.
1523 1773 1592 1802 xx;
1617 1761 1685 1794 hoc
1713 1768 1786 1801 est,
1811 1771 1922 1804 quum

1241 1815 1386 1861 Myrino
1405 1814 1590 1861 gladiatori
1609 1813 1728 1847 missio
1745 1820 1925 1858 peteretur

1242 1880 1260 1902 a
1280 1868 1431 1914 populo,
1450 1868 1505 1902 vel
1527 1868 1568 1900 ab
1592 1868 1668 1913 ipso
1683 1865 1828 1911 Myrino
1842 1866 1925 1899 laeso

1244 1930 1425 1968 peteretur
1452 1933 1460 1954 :
1485 1921 1557 1954 laesi
1588 1920 1682 1954 euim
1715 1917 1925 1965 gladiatores

1244 1987 1340 2008 arma
1363 1974 1636 2014 submittebant,
1665 1980 1699 2005 et
1721 1972 1830 2005 vitam
1863 1971 1925 2005 ali-

1243 2026 1385 2073 quando
1419 2027 1653 2072 impetrabant
1688 2026 1733 2058 ab
1770 2026 1927 2070 Impera-

1245 2089 1335 2121 tore,
1374 2089 1433 2114 aut.
1470 2093 1488 2114 a
1526 2080 1680 2126 populo,
1707 2077 1795 2111 dum
1823 2085 1926 2112 staret

1246 2134 1456 2180 respublica.

1300 2200 1335 2231 9.
1347 2188 1521 2220 Cretatam.
1530 2187 1675 2232 Signum
1688 2197 1816 2230 nempe
1829 2181 1925 2230 quod

1246 2239 1427 2273 mittendis
1449 2239 1628 2286 quadrigis
1649 2238 1799 2272 dabatur
1818 2237 1854 2270 in
1873 2237 1929 2270 lu·

1247 2293 1301 2327 dis
1318 2293 1558 2328 Circensibus.
1578 2291 1735 2325 Raderus
1755 2299 1871 2324 autem
1889 2302 1930 2322 ex

1248 2345 1411 2380 cedreno
1439 2347 1568 2388 refert,
1591 2345 1682 2378 hanc
1708 2344 1812 2377 fuisse
1834 2355 1933 2376 occa-

1248 2401 1380 2433 sionem
1410 2412 1547 2444 mappae
1572 2399 1608 2431 in
1629 2398 1763 2431 circum
1786 2395 1930 2429 mitten-

1249 2452 1322 2493 dae,
1353 2452 1449 2498 quod
1471 2452 1710 2497 magistratus,
1738 2458 1817 2484 aute
1849 2448 1933 2482 niis-

1250 2506 1406 2547 sionem,
1438 2518 1543 2550 super
1574 2504 1725 2537 fornices
1752 2514 1930 2536 carcerum

1249 2572 1290 2591 eo
1320 2559 1396 2592 loco
1428 2557 1521 2591 unde
1554 2557 1780 2602 spectabant,
1811 2554 1931 2588 convi-

1248 2613 1343 2645 vium
1358 2620 1536 2652 curarent,
1552 2621 1784 2656 mappamque
1798 2608 1834 2641 in
1849 2615 1932 2641 tem-
