1901 3259
358 217 941 262 EPIGRAMMATUM
979 217 1099 258 LIB.
1141 215 1277 257 XIV.

1414 213 1507 272 247

671 367 954 425 CXLJV2

658 504 967 554 SPONG1Af

176 652 285 695 Hffic
311 650 387 694 tibi
413 658 528 693 sorte
552 649 679 693 datur
705 648 923 711 tergendis
949 648 1130 709 spongia
1155 648 1314 691 mensis

245 720 399 772 Utilis,
425 736 627 781 expresso
657 737 791 780 quum
817 718 922 763 levis
950 719 1090 762 imbre
1116 727 1265 761 tumet.

175 860 355 920 Σπόγγον
380 854 497 902 τόνδε
515 861 649 918 λαχὼν
675 855 862 919 ἀπομοίξῃ
886 853 993 913 τῷδε
1020 853 1222 917 τραπέζας

246 924 534 982 Οἰδαίνοντας,
558 923 663 987 ὕδωρ
690 930 839 988 ἀςαγὲς
862 929 1057 978 ἐκπιέσας.

156 1062 170 1076 ⁴¹
185 1066 347 1111 Spongia,
372 1078 480 1112 graece
510 1068 650 1111 σπόγγος
664 1093 672 1107 ,
706 1079 774 1100 uua

102 1132 143 1153 ex
161 1119 226 1153 hac
244 1119 473 1153 animantium
491 1119 605 1164 specie
627 1119 749 1152 infima
762 1144 771 1159 ‚

101 1184 205 1218 quam
236 1172 363 1217 plantis
391 1173 462 1217 jam
486 1171 696 1205 simillimam
723 1180 773 1205 at·

101 1238 168 1270 que
185 1224 294 1258 animi
312 1224 479 1258 animaeve
499 1225 558 1258 vix
573 1233 773 1271 compotem

101 1279 315 1323 Ζωολογισταί
331 1278 543 1312 recentiores
554 1273 771 1323 Ᾱμορῳοζώων

101 1342 225 1365 vocare
234 1339 500 1365 consueverunt.
511 1331 675 1377 Ereptam
685 1343 704 1364 e
716 1343 774 1364 na-

103 1383 174 1417 tivo
195 1384 301 1426 mari,
316 1384 433 1417 nullus
458 1383 569 1417 nescit
585 1384 676 1418 hanc
693 1395 772 1429 per-

101 1437 220 1470 utilem
246 1448 319 1471 esse
340 1444 375 1470 et
394 1436 560 1482 tergendo
579 1437 720 1482 corpori
740 1445 773 1470 et

99 1489 333 1524 emaculandis
360 1490 505 1531 mensis,
522 1490 632 1523 muris
646 1516 656 1531 ‚
675 1490 771 1534 pavi-

100 1543 238 1577 mentis.
256 1543 429 1578 Caeterum
452 1543 543 1588 legas
573 1542 702 1576 suadeo
728 1542 771 1576 de

100 1595 253 1641 spongiis
285 1596 507 1629 Aristotelem
518 1621 527 1638 ‚
562 1596 678 1629 Anim.
708 1596 767 1628 lib.

99 1647 144 1689 V,
155 1660 228 1694 cap=
251 1652 294 1682 16
311 1657 345 1682 et
360 1649 511 1682 Plinium
528 1649 587 1682 lib.
608 1650 678 1690 IX,
697 1661 770 1693 cap.

838 1067 882 1106 45
895 1074 928 1099 et
941 1073 1086 1099 recentt.
1103 1073 1218 1098 natur.
1232 1065 1428 1098 historicos.
1442 1065 1507 1096 En.

893 1131 906 1151 1
916 1145 924 1152 .
937 1117 1030 1151 Sorte
1042 1117 1147 1151 datur.
1163 1117 1230 1150 Per
1244 1126 1373 1150 sortem
1388 1115 1508 1150 datum

834 1171 940 1205 fuisse
954 1171 1022 1204 hoc
1038 1183 1166 1204 munus
1181 1169 1285 1211 dicit,
1300 1182 1354 1202 me
1367 1168 1510 1215 quidem

832 1223 949 1269 judice
962 1249 972 1266 ,
993 1223 1089 1269 quod
1117 1222 1221 1257 vilius
1251 1235 1378 1256 munus
1406 1222 1506 1255 foret.

833 1278 1044 1322 Quanquam
1067 1285 1182 1310 tamen
1203 1283 1316 1322 potest
1338 1274 1507 1309 duntaxat

832 1339 872 1363 ut
890 1330 1098 1364 versiculum
1121 1330 1249 1363 faceret
1261 1355 1271 1371 ‚
1283 1340 1403 1362 vocem
1416 1329 1507 1361 hanc

833 1382 1018 1416 addidisse.

889 1449 921 1469 2.
946 1436 1062 1469 Umbra
1081 1434 1158 1469 cod.
1176 1435 1312 1468 Beverl.
1329 1454 1380 1460 --
1401 1434 1505 1478 Quum

833 1490 916 1522 levis.
935 1489 1027 1523 Vide
1044 1489 1105 1522 lib.
1122 1489 1212 1521 XIII
1224 1515 1233 1529 ‚
1250 1487 1358 1533 epigr.
1380 1499 1479 1520 xu‘n
1499 1498 1506 1518 :

837 1560 850 1571 «ι
867 1543 916 1575 Ut
943 1542 1028 1575 levis
1055 1550 1190 1585 accepta
1218 1541 1362 1586 spongia
1390 1547 1505 1584 turget

832 1608 930 1640 aqua.
939 1612 952 1624 n
961 1594 1066 1637 Quod
1077 1595 1209 1639 optime
1221 1606 1282 1639 per
1294 1594 1433 1626 unicam
1449 1605 1506 1624 vo-

834 1661 906 1681 cem
925 1649 1098 1692 ὓγρώσσων
1119 1647 1232 1680 Graeci
1252 1646 1504 1691 exprimebant.

683 1790 921 1848 CXLV.

518 1945 731 1973 PENULA
770 1944 1091 1973 GAUSAPlNA.

163 2070 209 2113 Is
237 2070 341 2113 mihi
372 2070 535 2114 candor
566 2072 699 2125 inest,
721 2069 921 2112 villorum
955 2070 1090 2130 gratia
1116 2077 1235 2111 tanta
1265 2077 1348 2120 est,

233 2141 296 2183 Ut
327 2157 395 2183 me
426 2139 492 2183 vel
524 2140 664 2184 media
693 2156 861 2183 sumere
893 2156 1031 2183 messe
1061 2137 1180 2182 velis.

163 2280 340 2326 Τοιαύτη
365 2282 499 2339 χροιὴ,
525 2284 686 2338 μαλλῶν
713 2279 825 2339 χάρις
850 2280 911 2328 {qi
936 2280 1136 2331 τοσαύτη,

231 2341 448 2399 Ᾱσπασίως
473 2367 521 2409 με
546 2350 673 2410 θέρευς
700 2353 778 2398 ὤςε
804 2356 1018 2409 μεσοῦντος
1043 2350 1160 2397 ἕλοις.

148 2499 179 2519 2.
204 2486 298 2519 Veste
318 2485 398 2520 cod.
425 2488 557 2520 Beverl.
579 2508 628 2513 —-
655 2488 699 2520 Ut
717 2501 760 2519 me

93 2540 146 2571 vel
169 2539 279 2572 media.
307 2539 430 2572 Hieme
449 2540 597 2572 Romani
614 2542 761 2573 uteban-

93 2600 150 2625 tur
164 2592 358 2638 gausapinis
376 2604 384 2626 :
401 2592 461 2625 lib.
473 2592 543 2633 Vl,
558 2592 664 2638 epigr.
682 2605 759 2626 Lxx:

99 2645 163 2678 «Et
189 2644 300 2685 dolet,
331 2653 364 2678 et
390 2645 565 2690 queritur,
594 2645 658 2679 sibi
689 2658 760 2678 non

821 2487 1021 2532 contingere
1033 2486 1146 2530 frigus
1159 2484 1307 2529 Propter
1320 2491 1498 2516 sexcentas

822 2541 969 2573 Baccara
998 2538 1210 2584 gausapinas.
1233 2553 1246 2565 n
1272 2536 1318 2568 At
1341 2535 1413 2568 haec
1434 2547 1495 2581 pe-

823 2593 903 2626 nula
921 2591 1106 2637 gausapina
1126 2599 1195 2623 tam
1216 2586 1327 2621 nitida
1346 2597 1418 2621 erat
1430 2615 1439 2629 ,
1457 2597 1496 2621 ut

824 2646 878 2678 vel
895 2653 1008 2679 aestate
1030 2643 1185 2689 potuerit
1205 2653 1277 2675 esse
1299 2641 1387 2674 usui.

1240 2698 1322 2750 16⁴
