1901 3259
295 218 884 263 EPIGRAMMATUM
922 219 1048 261 LIB.
1087 216 1229 259 XIV.

1370 209 1460 257 165

129 309 252 366 Quos
277 307 353 351 tibi
380 324 459 368 pro
491 306 594 352 caelo
625 306 737 352 filius
770 308 860 368 ipse
890 304 1034 350 dedit?
1433 329 1464 344 ις,

60 380 138 423 Vis
161 378 347 422 scribam
371 378 565 434 Thebas,
586 378 872 438 Trojamque,
902 374 1123 434 malasque
1153 370 1394 433 Mycenas?

129 448 274 505 Lude,
299 449 463 509 inquis,
490 448 671 493 nucibus
698 466 705 492 :
734 448 914 509 perdere
944 444 1048 490 nolo
1077 460 1222 488 nuces.

61 522 162 577 Quo
187 520 252 563 vis
279 535 464 579 cumque
490 517 585 564 loco
601 555 611 571 ,
636 529 757 581 potes
788 519 906 562 huuc
937 517 1060 560 finire
1091 513 1313 567 libellum3

131 590 339 633 Versibus
369 588 618 651 explicitum
648 599 711 634 est
743 606 871 634 omne
902 587 1072 632 duobus
1098 601 1222 646 opus.

65 737 99 762 et
108 727 259 761 dominis
272 727 516 774 indulgebatur
525 728 627 775 genio
636 754 645 769 ,
656 729 738 762 Bac-

65 781 132 815 cho
161 789 194 814 et
219 781 334 822 festis,
360 781 405 814 ita
424 790 462 816 ut
491 793 552 826 per
582 781 736 827 quinque

65 833 140 868 dies
169 834 241 868 fere
267 842 359 867 totos
387 834 469 868 vino
489 833 734 867 madescerent.

65 888 167 921 Amat
187 895 303 920 autem
327 886 453 920 Noster
474 886 538 920 hac
566 898 650 919 voce
669 900 736 918 ma-

66 939 158 972 didus
182 940 251 980 uti,
273 938 317 972 ad
344 937 597 984 designandam
622 940 734 972 ebrie-

68 1001 186 1025 tatem.
208 992 284 1025 Lib.
306 993 341 1031 I,
361 992 468 1038 epigr.
493 1004 593 1031 Lim,
615 1003 662 1024 vs.
689 1006 709 1036 9
728 1005 735 1023 :

73 1045 211 1079 uFlecte
230 1044 301 1078 vias
322 1044 398 1086 hac,
416 1056 484 1090 qua
502 1043 636 1077 madidi
657 1053 740 1078 suut

68 1106 158 1132 tecta
171 1098 277 1144 Lyaei.
292 1115 306 1127 ω
327 1098 403 1130 Lib.
417 1098 487 1139 IX,
507 1097 615 1143 epigr.
630 1109 740 1139 xxnr,

70 1164 121 1185 vs.
143 1164 157 1184 1
170 1166 182 1184 1
199 1162 208 1184 :
227 1168 241 1181 a
261 1152 396 1184 AEstuet
416 1159 457 1184 ut
483 1159 604 1184 nostro
629 1149 740 1183 madi·

69 1203 134 1238 dus
155 1204 299 1238 conviva
328 1203 498 1237 ministro.
520 1221 534 1233 ι·
555 1204 639 1237 Mox
654 1229 664 1245 ,
684 1215 739 1249 ep.

71 1269 166 1297 mn,
191 1270 239 1291 vs.
264 1269 300 1290 11
323 1269 361 1290 t«
378 1256 474 1303 Saepe
495 1258 559 1290 sub
581 1257 646 1290 hac
668 1269 740 1290 ma-

70 1309 143 1343 didi
161 1311 321 1343 luserunt
339 1310 462 1343 arbore
478 1310 602 1344 Fauni.
619 1326 633 1339 υ

130 1375 185 1397 10.
199 1364 266 1396 Pro
280 1364 368 1397 caelo.
385 1363 414 1396 E
438 1364 522 1397 caelo
537 1374 665 1409 nempe
682 1362 743 1396 Sa-

72 1425 196 1449 turnus
233 1429 250 1449 a
278 1417 367 1449 Jove
395 1416 469 1450 fih'o
499 1417 628 1462 ejectus
664 1415 742 1449 suit.

74 1469 155 1502 Haec
174 1469 289 1503 fabula
310 1469 390 1503 satis
412 1479 505 1503 nota.

131 1534 144 1555 1
158 1535 187 1556 1.
204 1522 264 1555 Vis
286 1522 418 1555 scs-ibam
450 1522 583 1555 Thebas.
610 1522 744 1555 Bellum

74 1575 279 1609 Thebanum
291 1601 301 1617 ‚
313 1576 505 1621 Troianum
519 1603 527 1617 ,
541 1583 599 1609 aut
611 1583 745 1621 raptam

76 1628 241 1662 Helenam
258 1654 268 1669 ,
299 1628 628 1675 expeditionemque
659 1631 745 1674 Aga-

77 1682 272 1716 memnonis
291 1708 300 1724 ,
326 1682 386 1728 qui
414 1695 475 1715 rex
499 1682 565 1715 fuit
585 1682 748 1728 Mycena-

795 740 873 761 rum
885 740 894 769 ;
907 738 990 772 quas
1006 733 1107 758 vocat
1127 724 1226 756 malas
1242 730 1387 768 propter
1403 733 1472 755 sce-

796 781 865 813 lera
879 780 949 812 illic
967 791 984 811 a
1002 777 1150 812 Tantalo
1168 785 1199 810 et
1213 775 1360 821 posteris
1377 775 1473 809 Tau·

797 834 856 866 tali
876 832 1069 865 commissa.

854 899 866 919 1
878 899 909 919 2.
925 885 1028 925 Lude,
1048 892 1113 917 etc.
1126 881 1208 915 Vid.
1224 882 1285 915 lib.
1303 881 1349 922 V,
1364 880 1474 926 epigr.

796 950 935 977 Lxxxn',
953 950 1002 970 vs.
1022 949 1053 970 1.

856 1004 868 1024 Ι
880 992 913 1025 3.
934 988 1226 1035 Qut'sczmqucesoco
1237 995 1329 1032 putet
1346 987 1382 1019 in
1400 986 1475 1019 MS.

799 1044 932 1077 Beverl.
950 1043 1078 1086 —Quo
1096 1043 1146 1073 vis
1159 1053 1287 1085 cumque
1303 1040 1370 1072 loco
1384 1066 1393 1079 ‚
1411 1047 1478 1072 etc.

799 1096 983 1130 Distichon
999 1106 1145 1140 sequeus
1161 1094 1198 1126 in
1213 1093 1390 1138 peculiare
1405 1091 1477 1136 epi-

799 1161 954 1195 gramma
967 1156 1138 1182 semotum
1148 1145 1334 1179 exhibetur
1346 1145 1380 1177 in
1393 1143 1479 1177 edit.

806 1203 899 1236 Petr.
928 1201 1104 1235 Scriverii.
1123 1199 1287 1232 Imitatur
1316 1198 1419 1231 simul
1446 1205 1482 1230 et

800 1255 933 1289 recedit
949 1255 1091 1294 Bai-bon,
1108 1252 1170 1298 qui
1187 1251 1276 1285 duos
1291 1250 1481 1284 versiculos

801 1321 819 1342 a
834 1308 950 1354 primo
972 1307 1220 1354 epigrammate
1237 1304 1388 1351 sejungit
1404 1302 1482 1349 qui-

801 1361 900 1402 dem,
919 1360 979 1395 secl
994 1359 1154 1406 sequenti
1173 1356 1414 1404 epigrammati
1430 1364 1482 1389 at-

804 1414 928 1448 tribuit
947 1415 993 1447 ita
1011 1422 1051 1448 ut
1071 1424 1186 1458 neque
1205 1410 1294 1445 ordo
1313 1409 1480 1455 deinceps

803 1468 1094 1513 epigrammatum
1105 1477 1219 1511 neque
1232 1475 1400 1497 numerus
1410 1475 1488 1496 mu-

805 1529 912 1554 tetur.
933 1519 1019 1553 Vid.
1040 1519 1144 1553 infra.

862 1578 917 1614 ιιῑ.
938 1574 1133 1619 Ε.ι])ιί“ει’ῖιιιη
1147 1599 1157 1613 ,
1175 1579 1243 1604 etc.
1261 1570 1338 1603 Hoc
1356 1577 1428 1610 est,
1448 1568 1486 1601 fi-

805 1627 919 1660 nitum
938 1652 947 1667 ‚
975 1625 1130 1660 numeris
1157 1623 1320 1658 omnibus
1347 1622 1484 1655 absolu-

807 1689 882 1714 tum
893 1706 902 1721 ‚
916 1688 954 1714 ut
966 1680 1026 1712 lib.
1047 1679 1095 1711 XI
1109 1703 1119 1719 ,
1131 1678 1241 1723 epigr.
1259 1688 1365 1710 cvm.

749 1816 822 1870 {L

584 1950 986 2002 APOPHORETAf

152 2103 394 2145 LEMMATA
418 2100 452 2143 si
474 2099 629 2160 quaeris
654 2114 732 2142 cur
758 2097 844 2140 sint
868 2095 1085 2155 adscripta
1105 2129 1116 2151 ‚
1143 2092 1334 2149 doceb03

222 2173 308 2225 Ut,
335 2171 369 2215 si
398 2169 625 2225 malueris,
651 2168 854 2212 lemmata
881 2165 971 2211 sola
996 2164 1125 2227 legas.

140 2310 146 2316 ’
169 2313 264 2345 Duos
290 2318 484 2356 postremos
508 2321 626 2343 versus
651 2308 756 2354 primi

87 2365 195 2411 epigr.
226 2363 388 2398 tranSFert
414 2362 466 2397 ed.
500 2362 599 2396 Barb.
625 2361 668 2395 ad
689 2361 757 2395 hoc

88 2415 279 2453 secundum
299 2441 308 2456 ‚
343 2417 397 2450 cui
431 2415 489 2450 dat
523 2416 665 2449 titulum
702 2415 761 2448 Ad

89 2471 236 2505 eumdem.

141 2544 193 2550 —-
209 2523 420 2567 Apophoreta.
432 2523 463 2554 V
468 2520 523 2555 ide
539 2533 651 2567 supra.
669 2520 759 2553 Hinc

90 2585 223 2611 constat
246 2576 354 2616 XIII,
374 2584 407 2608 et
426 2575 506 2607 XIV
530 2575 647 2608 saltem
678 2573 760 2606 libri

91 2631 253 2663 lemmata
277 2641 336 2662 seu
363 2636 566 2674 argumenta
593 2639 664 2661 esse
690 2638 762 2659 non

816 2305 1041 2340 librariorum
1058 2330 1067 2346 ,
1090 2303 1152 2338 sed
1189 2303 1298 2349 ipsius
1328 2302 1496 2336 Martialis

816 2372 926 2405 opus;
956 2369 1169 2404 quamquam
1203 2365 1340 2397 tamen,
1370 2355 1415 2388 ob
1449 2355 1496 2387 le-

816 2413 972 2447 ctionum
993 2413 1027 2445 in
1045 2411 1129 2456 ipsis
1142 2409 1365 2443 lemmatibus
1384 2407 1495 2440 varie-

818 2475 924 2506 tates,
954 2478 1022 2498 non
1055 2472 1106 2498 est
1143 2461 1378 2496 dubitandum
1410 2460 1497 2506 quin

818 2519 968 2565 plurima
993 2519 1034 2551 ab
1056 2516 1119 2550 alia
1149 2528 1255 2549 mauu
1274 2514 1499 2560 provenerint

820 2584 858 2606 ac
891 2571 1056 2605 Martialis
1075 2596 1083 2611 ‚
1111 2567 1171 2602 sed
1200 2567 1235 2601 id
1260 2580 1362 2610 raro,
1385 2578 1497 2612 neque

821 2624 920 2659 valde
937 2622 1132 2658 curandum
1153 2629 1216 2656 est.

1206 2701 1289 2755 11³
