2044 3292
516 241 577 282 80

891 240 950 281 M.
983 240 1118 281 VAL.
1160 239 1207 280 M
1223 239 1546 282 ARTIALIS

1133 398 1191 453 X
1204 400 1250 455 C
1263 400 1301 454 l..

1028 572 1091 599 DE
1134 552 1416 600 MARONF.*

587 708 681 749 Pno
707 720 831 759 sene,
853 704 926 747 sed
948 704 1084 757 clare,
1103 713 1252 747 votum
1276 705 1404 748 Maro
1429 704 1530 748 fecit
1553 706 1712 760 amico,

654 776 737 818 Cui
769 775 913 834 gravis
939 784 982 818 et
1010 774 1182 818 fervens
1204 774 1486 818 hemitritaeus
1510 784 1625 831 erat3

585 846 627 889 Si
656 845 823 905 Stygias
852 860 965 906 aeger
996 861 1083 889 non
1109 845 1193 888 iret
1220 845 1376 889 missus
1401 844 1455 888 ad
1481 845 1642 898 undas,

657 915 720 959 Ut
750 914 925 959 caderet
954 931 1114 977 magno
1144 915 1317 960 victima
1347 924 1469 976 grata
1496 916 1606 959 Jovi.

586 986 827 1046 Coeperunt
851 995 1013 1029 certam
1039 985 1196 1030 medici
1218 984 1432 1047 spondere
1457 984 1659 1030 salutem:

655 1057 723 1099 Ne
753 1065 905 1099 votum
936 1055 1097 1111 solvat,
1128 1073 1244 1100 nunc
1275 1058 1402 1099 Maro
1431 1065 1531 1100 vota
1559 1055 1675 1099 facit.

570 1210 585 1225 ⁶
604 1212 739 1259 Lepide
758 1221 791 1246 et
807 1215 930 1247 acerbe
950 1213 1061 1259 tangit
1077 1213 1191 1246 Maro-

517 1279 597 1299 nem
616 1265 804 1312 quemdam
823 1267 1018 1300 testamenti
1036 1274 1190 1312 captato-

517 1331 590 1352 rem
612 1318 810 1364 deceptum.

574 1383 601 1405 1.
625 1372 709 1405 Caro
731 1371 810 1405 edd.
835 1381 915 1405 vett.
939 1380 973 1405 et
993 1371 1106 1405 Maitt.
1126 1384 1190 1416 pro

516 1425 612 1465 clare,
637 1423 730 1469 quod
756 1425 862 1458 habet
885 1423 962 1457 cod.
989 1424 1122 1457 Beverl.
1139 1445 1191 1450 —-—

517 1477 583 1510 Sed
592 1477 686 1510 clare.
703 1478 754 1510 Ita
768 1485 808 1510 ut
822 1477 938 1511 audiat
952 1489 1055 1510 senex
1066 1503 1074 1518 ‚
1088 1489 1191 1522 quem

517 1538 633 1575 captat
647 1530 746 1563 Maro
759 1545 767 1571 3
787 1531 902 1564 innuit
919 1529 1088 1563 nimirum
1102 1530 1194 1563 Mar·

518 1583 609 1616 tialis
638 1595 708 1616 non
733 1583 806 1616 haec
834 1595 906 1616 esse
929 1595 1009 1616 vera
1035 1591 1113 1615 vota
1139 1595 1192 1616 ca-

517 1635 663 1680 ptatoris
676 1661 685 1677 ,
699 1636 832 1681 quippe
848 1635 909 1682 qui
926 1648 987 1669 ore
1002 1643 1139 1668 tantum
1157 1644 1192 1668 et

515 1688 621 1721 labris
651 1696 753 1721 tenus
779 1689 881 1722 amici
911 1689 1055 1722 salutem
1082 1696 1190 1733 optat.

520 1740 578 1773 Sic
598 1740 749 1781 Persius,
766 1740 835 1774 Sat.
855 1742 890 1774 ΙΙ
902 1767 910 1782 ,
928 1754 977 1775 vs.
992 1742 1012 1773 6
1029 1750 1036 1770 2
1061 1758 1074 1770 «
1088 1740 1191 1774 Haud

517 1793 627 1827 cuivis
653 1803 859 1839 promptum
885 1802 935 1827 est
959 1806 1192 1839 murmurque

517 1846 736 1892 humilesque
775 1859 933 1880 susurros
971 1846 1112 1880 Tollere
1148 1845 1192 1879 de

518 1899 656 1944 templis
669 1907 702 1932 et
716 1908 837 1946 aperto
855 1900 971 1932 vivere
984 1907 1077 1932 voto.
1091 1899 1191 1932 Mens

516 1952 631 1993 bona,
652 1952 741 1985 fama
754 1978 762 1993 ,
785 1951 871 1985 {ides
891 1952 966 1985 haec
985 1952 1076 1985 clare
1099 1961 1133 1984 et
1153 1961 1190 1985 ut

518 2003 635 2038 audiat
650 2004 803 2050 hospes;
828 2005 892 2037 Illa
912 2005 976 2038 sibi
997 2005 1190 2038 introrsum

517 2065 550 2090 et
576 2058 640 2091 sub
666 2057 782 2103 lingua
812 2058 1084 2090 immurmurat:
1109 2057 1140 2089 O
1163 2058 1190 2091 si

515 2110 649 2143 Ebullit
680 2110 793 2155 patrui
826 2112 1028 2155 praeclarum
1057 2110 1160 2143 funus
1181 2111 1189 2143 !

514 2171 581 2196 etc.
602 2163 793 2195 n—Votnm
811 2163 993 2205 Mat-osecit
1009 2166 1118 2195 amico.
1137 2163 1190 2195 De

515 2227 612 2248 more
627 2215 730 2260 hujus
741 2215 834 2255 voti,
851 2215 930 2248 wide
944 2216 1022 2248 Juv.
1037 2223 1098 2248 sat.
1118 2215 1189 2256 XI,

515 2280 562 2301 vs.
589 2270 634 2311 98
664 2280 738 2314 sqq.
762 2268 833 2302 Hac
855 2267 1109 2302 consuetudine
1137 2268 1191 2301 usi

514 2320 735 2366 peculiariter
752 2320 864 2362 Galli;
882 2329 921 2354 ut
939 2321 1098 2354 observat
1115 2321 1190 2355 Cae-

513 2385 568 2406 sar
586 2373 646 2406 lib.
665 2372 708 2406 de
725 2373 821 2406 Bello
840 2374 929 2407 Gall.
951 2374 1015 2406 VI.
1037 2373 1133 2415 Quin
1156 2381 1191 2407 et

515 2434 613 2459 erant
634 2426 694 2471 qui
712 2438 746 2459 se
765 2426 858 2471 ipsos
877 2426 982 2459 morti
997 2426 1189 2468 offerrent,

514 2487 575 2512 aut
587 2479 678 2511 inter
689 2491 724 2511 se
734 2477 995 2524 depugnarent,
1009 2479 1088 2524 quia
1100 2492 1191 2513 mor-

515 2539 582 2565 tem
594 2540 704 2565 morte
717 2530 841 2565 redimi
853 2532 1108 2566 existimabant.
1121 2532 1192 2566 Cae-

1251 1221 1363 1246 terum
1378 1226 1413 1246 se
1430 1213 1522 1258 ipsos
1539 1214 1640 1246 etiam
1659 1212 1831 1246 vovebant
1843 1237 1852 1252 ,
1867 1211 1926 1245 ali-

1249 1264 1391 1311 quando
1405 1264 1512 1298 iidem
1528 1265 1611 1311 ipsi,
1621 1265 1681 1311 qui
1695 1265 1925 1310 aegrotabant,

1249 1318 1382 1352 sodales
1406 1318 1615 1364 sEsculapio.
1636 1317 1728 1351 Tum
1752 1317 1825 1351 haec
1846 1325 1925 1351 vota

1249 1371 1472 1417 signabantur
1488 1371 1524 1404 in
1540 1370 1663 1404 statuis
1678 1369 1844 1411 deorum,
1863 1370 1925 1403 ali-

1249 1423 1392 1470 quando
1419 1424 1454 1457 in
1480 1423 1695 1469 porticibus,
1725 1430 1784 1456 aut
1812 1422 1925 1468 portis

1249 1478 1460 1522 templorum
1476 1488 1483 1510 :
1500 1476 1606 1510 Unde
1621 1479 1748 1521 signare
1759 1483 1880 1515 votum,
1896 1484 1926 1507 et

1250 1532 1388 1562 incerare
1402 1543 1506 1575 genua
1523 1529 1648 1562 deorum
1660 1556 1668 1570 ,
1693 1540 1769 1575 quae
1788 1527 1925 1574 pridem

1249 1583 1377 1628 Magno
1405 1583 1573 1617 Turnebo
1598 1581 1769 1627 explicata
1791 1581 1827 1613 in
1852 1579 1925 1614 Ad-

1249 1636 1417 1669 versariis.
1437 1635 1608 1668 Heraldus.

1306 1701 1337 1721 α.
1364 1689 1592 1721 Hemitritaeus.
1620 1687 1809 1721 Nominata
1835 1686 1884 1720 sic
1907 1699 1925 1719 a

1250 1740 1380 1774 Graecis
1408 1741 1551 1774 vocibus
1575 1742 1655 1785 ἡμι,
1675 1739 1779 1781 semi,
1797 1747 1832 1772 et
1859 1752 1925 1784 τρι-

1249 1796 1338 1832 ταῖος
1350 1818 1360 1834 ,
1375 1793 1641 1827 tertianus.Vid.
1659 1810 1672 1823 «ι
1691 1792 1797 1826 febris
1811 1800 1861 1825 est
1877 1804 1926 1825 se-

1249 1846 1444 1879 mitertiana
1467 1859 1497 1888 »3
1514 1847 1574 1880 lib.
1590 1847 1626 1879 ΙΙ
1638 1872 1647 1888 ,
1662 1846 1770 1891 epigr.
1793 1857 1864 1877 xm.

1304 1899 1336 1932 3.
1367 1900 1441 1932 Non
1466 1908 1544 1932 esset
1567 1897 1646 1932 edd.
1674 1906 1756 1932 vett.
1792 1897 1924 1931 Umbras

1250 1951 1327 1985 cod.
1351 1952 1484 1985 Beverl.
1507 1973 1558 1979 --—
1580 1952 1617 1985 Si
1635 1951 1778 1998 =5{)'gias‚
1802 1958 1866 1984 etc.
1888 1949 1923 1982 Si

1251 2005 1518 2038 convalesceret.

1304 2060 1337 2089 6.
1357 2057 1407 2090 Ne
1425 2065 1530 2090 votum
1542 2057 1652 2090 solvat.
1668 2055 1816 2101 Propter
1828 2054 1923 2100 qnod

1250 2110 1358 2143 haeres
1377 2110 1556 2143 institutus
1576 2110 1688 2142 fuerat
1704 2121 1721 2141 a
1737 2120 1839 2149 sene3
1856 2107 1924 2141 hoc

1250 2171 1320 2204 est,
1348 2175 1392 2195 ne
1418 2170 1533 2207 surgat
1559 2175 1576 2195 a
1603 2163 1693 2195 lecto
1720 2161 1924 2200 incolumis,

1249 2227 1292 2247 nc
1315 2215 1356 2248 ab
1377 2214 1593 2248 imminentis
1619 2214 1743 2247 mortis
1768 2213 1925 2247 faucibus

1250 2276 1392 2313 ereptus
1409 2268 1591 2301 reviviscat
1613 2280 1622 2302 :
1640 2267 1714 2300 aliis
1733 2266 1866 2306 verbis,
1884 2274 1924 2298 ut

1249 2321 1420 2354 moriatur
1440 2333 1521 2353 mox.
1543 2331 1667 2361 senex,
1688 2331 1757 2353 neu
1775 2317 1924 2352 haeredi-

1250 2381 1353 2407 tatem
1382 2374 1455 2418 ejus
1482 2373 1627 2408 amittat.
1649 2373 1757 2405 Porro
1780 2383 1923 2405 acumen

1249 2435 1299 2459 est
1323 2424 1500 2472 quoddam
1527 2425 1562 2458 in
1590 2426 1747 2460 ἀντίθεσει
1775 2423 1923 2458 duarum

1249 2491 1393 2519 vocum,
1416 2479 1567 2515 scilicet.
1595 2479 1645 2512 Nc
1670 2479 1771 2511 solvat
1794 2485 1920 2516 vorum,

1250 2531 1345 2564 Maro
1364 2539 1441 2563 vola
1455 2532 1551 2572 facil.
