1901 3259
311 163 895 207 EPIGRAMMATUM
934 165 1056 207 LIB.
1098 166 1246 208 XIII.
1389 169 1476 227 147

625 312 928 370 XCVIII.

684 471 874 499 DORCAS.

144 597 388 639 Dssmcmn
419 610 554 656 parvo
585 595 766 639 donabis
794 595 983 640 dorcada
1009 606 1138 651 nato;

213 666 390 709 Jactatis
422 665 529 709 solet
558 666 670 709 hanc
697 667 869 709 mittere
894 666 1023 710 turba
1050 668 1173 728 togis.

144 806 348 866 Νηπιάχῳ
375 807 600 866 μέλπηθρον
633 807 818 857 ὀπάσσεις
845 801 1029 868 δορκάδα
1057 802 1185 851 παιδί·

215 878 380 936 Εἵματα
406 871 444 918 δ’
473 874 520 919 αὖ
551 876 662 919 σείων
690 872 806 925 τήνδ’
834 877 971 936 ἀφίησι
994 881 1107 928 λεώς.

132 1026 164 1048 1.
191 1014 372 1047 Dulichium
387 1013 502 1046 Vatic.
523 1034 576 1039 --
594 1014 753 1046 Delicium
813 1017 966 1058 jactatae3
988 1015 1036 1048 sic
1048 1015 1205 1049 Turneb.
1223 1016 1284 1051 lib.
1303 1029 1370 1051 xxv
1385 1044 1393 1059 ,
1415 1032 1488 1066 cap.

71 1080 172 1112 parvo
184 1093 193 1107 ,
215 1074 280 1100 etc.
297 1067 506 1100 Cicurantur
523 1065 617 1099 enim
635 1065 755 1100 dorca·
816 1068 875 1100 28.
888 1067 955 1099 Vel
970 1067 1062 1101 hanc
1078 1069 1115 1101 iu
1137 1081 1240 1102 arena
1262 1070 1399 1104 missam
1420 1073 1492 1117 agi-

77 1119 156 1159 des,
175 1128 363 1153 mansuetae
384 1128 419 1152 et
438 1118 623 1152 familiares
641 1119 753 1159 fiunt,
816 1127 888 1152 tare
913 1128 947 1153 et
978 1121 1099 1153 venari
1127 1121 1215 1155 solet
1231 1123 1335 1156 turba
1357 1125 1493 1169 jactatis

77 1185 187 1218 quum
227 1171 429 1218 aliquandiu
464 1173 556 1205 inter
592 1171 753 1205 homines
808 1171 1104 1217 -togis.—Mihi,
1120 1174 1169 1207 ait
1192 1174 1390 1219 Ferrarius,
1408 1177 1492 1211 huic

77 1226 195 1267 fuere;
211 1225 259 1259 ita
273 1234 313 1259 ut
329 1237 364 1258 se
383 1225 522 1258 tractari
538 1237 557 1257 a
574 1224 691 1270 pueris
708 1225 754 1258 si·
816 1225 930 1258 sensui
944 1226 1062 1260 favens
1073 1250 1083 1266 ‚
1101 1227 1294 1272 simplicior
1310 1241 1428 1263 sensus
1444 1231 1495 1263 vi-

77 1287 179 1320 nam,
199 1286 233 1312 et
245 1291 264 1312 e
280 1290 386 1312 manu
402 1278 544 1311 illorum
563 1278 682 1311 cibum
699 1290 755 1311 ca·
815 1276 931 1319 detur,
942 1278 1129 1312 dorcadem
1141 1293 1203 1313 seu
1217 1279 1354 1315 damam
1366 1283 1493 1316 animal

78 1331 189 1378 piant,
205 1330 305 1377 quod
317 1331 353 1364 in
366 1331 553 1365 Germania
565 1357 574 1371 ‚
589 1331 670 1376 quia
686 1330 755 1364 fre·
817 1329 981 1364 timidum
1010 1332 1046 1365 in
1068 1345 1207 1366 arenam
1226 1334 1370 1368 missum
1395 1336 1493 1368 nullo

81 1393 226 1430 quentes
247 1392 329 1418 sunt
342 1410 351 1425 ‚
371 1384 537 1418 usitatum
553 1392 619 1425 est,
639 1392 672 1417 et
693 1396 755 1417 ne·
816 1396 944 1417 canum
972 1394 1124 1427 terrore,
1149 1385 1209 1420 sed
1236 1387 1307 1420 sola
1333 1396 1492 1433 togarum

81 1437 168 1472 mini
186 1436 357 1483 ignotum.
813 1437 1002 1481 jactatione
1016 1439 1181 1484 agitatum
1196 1453 1215 1472 a
1226 1442 1492 1485 spectatoribus.

137 1503 168 1523 2.
199 1489 309 1534 Cat-ga
337 1492 422 1534 rogis
449 1489 524 1523 MS.
552 1489 687 1523 Beverl.
704 1509 756 1515 —
817 1489 922 1532 Quod
947 1499 1062 1524 tamen
1084 1504 1155 1524 non
1177 1501 1268 1526 vetat
1291 1494 1379 1539 quin
1399 1503 1493 1539 toga-

81 1543 218 1575 Jactatis
239 1543 337 1584 solet,
358 1551 421 1576 etc.
440 1543 482 1575 In
505 1555 645 1576 arenam
662 1542 757 1575 mitti
816 1555 894 1576 rum
925 1544 1110 1589 jactatione
1145 1545 1334 1591 aliquando
1367 1547 1493 1580 bestias

83 1595 168 1630 solet
188 1594 270 1630 dato
291 1608 309 1629 a
329 1595 529 1637 Quiritibus
550 1595 646 1640 siguo
669 1603 756 1640 togae
817 1596 970 1630 Romani
991 1598 1026 1630 in
1048 1609 1185 1630 arenam
1204 1599 1377 1633 miserint.

670 1727 905 1784 XCIX.

671 1886 696 1914 C
713 1887 736 1913 A
751 1887 776 1913 P
791 1887 815 1913 u
829 1887 905 1914 EA.

156 2013 445 2055 PENDENTEM
474 2025 643 2053 sumina
669 2026 871 2070 capream
898 2010 951 2054 de
978 2027 1084 2071 rupe
1112 2011 1299 2057 videbis:

228 2082 438 2142 Casuram
471 2097 641 2141 speres,
664 2080 847 2141 despicit
871 2078 942 2124 illa
969 2096 1109 2125 canes.

158 2206 293 2275 I’coyog
321 2215 512 2274 ἀπῃόριον
542 2216 614 2261 τὴν
642 2210 762 2273 ζόρκα
792 2214 983 2274 θεώμενος
1010 2214 1131 2275 ἄκρης

230 2280 418 2334 Ε’λπίζοις
446 2302 488 2327 κε
515 2290 658 2327 πεσεῖν·
686 2280 752 2332 ἧδ’
778 2285 954 2346 ἀθέρισσε
983 2287 1112 2336 κύνας.

148 2435 179 2454 ῐ.
201 2421 390 2453 Pendentem
407 2447 416 2460 ‚
450 2429 512 2454 etc.
537 2420 692 2466 Respicit
722 2419 765 2453 ad
826 2434 843 2454 e
862 2421 959 2454 MSS.
979 2429 1011 2454 et
1029 2421 1077 2454 sic
1092 2420 1167 2454 cod.
1187 2423 1335 2462 herm-14
1351 2432 1383 2455 et
1398 2425 1502 2457 unioe

94 2473 232 2520 Virgilii
249 2485 388 2506 versum
403 2484 411 2505 :
426 2475 601 2506 «Dumosa
614 2472 767 2519 pendere
826 2474 960 2506 bonum
983 2474 1186 2519 pronuntiat
1207 2474 1436 2508 Solu-melius.
1463 2479 1505 2509 At

93 2526 219 2573 procul
230 2524 274 2559 de
284 2538 370 2571 rupe
382 2524 521 2559 videbo.
532 2526 770 2571 ”Eclog-I,77-
830 2526 944 2572 decipit
960 2525 1039 2559 edd.
1052 2535 1132 2559 vett.
1153 2535 1185 2559 et
1201 2527 1344 2560 Farnab.
1359 2538 1389 2561 et
1408 2530 1500 2561 Hm&

149 2594 180 2613 2.
203 2580 354 2624 Despicit.
375 2577 433 2612 Sic
447 2578 580 2624 primus
596 2579 771 2613 Gruterus
831 2601 880 2605 ——
898 2579 1009 2613 Canes.
1030 2579 1126 2611 Inter
1147 2578 1356 2613 venandum.

1256 2651 1334 2694 ῑ()2
