1901 3259
346 225 930 268 EPIGRAMMATUM
968 225 1092 267 LIB.
1133 225 1251 266 XII.

1441 239 1464 268 U
1446 223 1463 235 τ

1478 223 1500 268 'v't

305 313 417 355 Hinc
442 313 573 356 instat
602 312 677 356 tibi
706 322 868 367 textor,
889 312 988 356 inde
1014 310 1143 367 fullo,

306 383 417 426 Hinc
441 392 562 426 sutor
584 383 713 426 modo
734 382 844 443 pelle
867 383 1052 436 basiata,

308 453 418 496 Hinc
447 455 579 496 menti
607 453 808 498 dominus
832 452 1087 514 pediculosi,

309 524 421 567 Hinc
445 522 793 584 defioculusque,
816 533 860 567 et
884 523 983 568 inde
1008 522 1151 584 lippus
1166 558 1177 574 ,

306 590 601 654 Fellatorque,
630 611 865 656 recensque
896 593 1182 654 cunnilingus.

307 665 402 706 Jam
430 665 539 708 tanti
565 664 643 708 tibi
674 681 761 709 non
793 665 873 709 fuit
904 664 1056 708 redire.

154 805 184 836 7.
211 793 355 826 Basiata.
384 795 477 827 Dnm
503 794 680 828 morderet
701 797 774 828 luto

103 854 241 890 putrem
261 846 387 879 soleam
403 873 411 887 ‚
431 856 469 880 ut
489 847 549 880 lib.
572 848 643 888 IX,
665 848 772 893 epigr.

106 911 221 939 mxlv,
240 911 288 932 vs.
316 912 350 932 2.

157 952 190 984 8.
219 951 409 984 Pediculosi.
441 951 609 985 Brodaeus
635 952 695 987 lib.
731 953 774 987 X.

107 1003 235 1036 Miscel.
258 1016 332 1049 cap.
355 1004 402 1044 34
425 1004 523 1049 legit,
539 1005 720 1049 periculosi,
742 1014 777 1038 et

103 1056 246 1101 exponit
259 1056 448 1090 laborantis
460 1057 599 1091 lichene
612 1069 671 1090 seu
682 1070 777 1091 men-

105 1117 210 1153 tagra.

162 1176 196 1204 9.
235 1160 428 1205 Dcfiolculus
463 1163 533 1194 ltine
571 1162 777 1196 Beverlandi

835 795 908 829 MS.
942 796 1094 837 Dubito,
1125 795 1239 840 inquit
1268 793 1510 834 Schrevelius,

836 861 876 881 an
900 848 1084 881 Salmasius
1103 847 1290 881 correxerit
1313 847 1399 879 Hinc
1421 849 1510 879 caecis

835 901 944 941 oculis,
966 900 1026 934 sed
1043 899 1308 946 requirendum.
1332 921 1382 926 —
1398 898 1510 943 Defin-

835 953 932 986 culus.
958 953 1024 986 Cui
1048 952 1152 993 defit,
1171 965 1231 986 seu
1255 951 1351 986 deest
1370 953 1511 992 oculus,

837 1006 962 1039 luscus.

896 1071 907 1091 1
922 1071 952 1091 1.
976 1059 1049 1091 Jum
1073 1061 1163 1091 tanti.
1188 1057 1369 1102 Siquidem
1395 1069 1511 1089 rever-

837 1124 893 1144 sus
911 1111 984 1144 haec
1008 1123 1081 1144 eras
1104 1109 1385 1155 passurus.Vide
1411 1118 1443 1141 et
1469 1110 1511 1141 cf.

838 1164 899 1196 lib.
922 1164 994 1204 XI,
1011 1164 1119 1209 epigr.
1146 1175 1237 1196 xcxx.

743 1303 873 1358 LX.

513 1459 580 1486 AD
620 1458 771 1486 SUUM
811 1438 1103 1486 ΝΑΤΑιΕΜ.4

176 1573 363 1616 MARTIS
396 1571 568 1614 alumne
598 1570 712 1625 dies,
735 1587 903 1614 roseam
935 1587 1022 1630 quo
1054 1570 1253 1631 lampada
1285 1572 1494 1630 primum,

246 1644 496 1703 Magnaque
522 1641 675 1685 siderei
698 1640 884 1684 vidimus
906 1657 980 1684 ora
1003 1642 1106 1695 Dei,

176 1713 219 1756 Si
244 1722 286 1756 te
308 1729 408 1755 rure
431 1711 513 1755 coli
527 1748 538 1767 ,
560 1711 805 1771 viridesque
830 1711 995 1772 pigebit
1017 1711 1071 1754 ad
1093 1727 1211 1762 aras,

245 1783 333 1840 Qui
355 1782 498 1826 fueras
520 1783 644 1826 Latia
666 1779 806 1825 cultus
828 1783 872 1823 in
896 1781 1002 1825 urbe
1026 1782 1154 1836 mihi,

163 1906 177 1920 *
199 1909 312 1941 Natali
334 1921 396 1942 suo
416 1921 452 1941 se
469 1908 649 1953 genialiter
673 1909 783 1940 victu-

110 1973 189 1994 rum
205 1960 291 1995 dicit
310 1974 391 1995 rure
405 1986 414 2001 ,
431 1960 527 2007 quod
549 1961 583 1993 in
606 1961 691 1993 urbe
712 1973 781 1992 non

111 2021 261 2058 poterat.

169 2079 199 2100 1.
218 2066 334 2099 Illartis
352 2067 484 2099 alumne.
504 2066 580 2099 Hoc
598 2074 665 2106 est,
682 2080 703 2099 o
717 2071 783 2098 Ka-

111 2118 222 2153 lendae
246 2119 381 2152 Martiae
393 2146 401 2161 ,
429 2119 555 2165 quibus
582 2127 683 2152 natus
714 2128 784 2152 erat

112 2173 216 2205 Poeta
235 2184 242 2204 :
261 2172 323 2205 lib.
345 2173 396 2205 IX
408 2199 417 2214 ‚
436 2172 548 2218 epigr.
568 2184 657 2213 LIII,
674 2181 707 2205 et
724 2172 784 2205 lib.

114 2225 144 2257 X
157 2250 167 2267 ,
181 2225 290 2270 epigr.
305 2237 398 2258 xx1v.
413 2247 465 2252 ——-
478 2226 610 2258 Roseam
628 2225 786 2269 lampada.

112 2278 203 2311 Cave
223 2276 266 2311 ad
283 2279 318 2310 τὸ
337 2278 449 2310 siderei
465 2277 528 2317 dei,
545 2276 640 2323 quod
654 2277 689 2310 in
706 2290 786 2310 mox

113 2338 303 2375 sequuturo
324 2343 446 2373 versu,
466 2331 572 2365 verba
593 2331 656 2363 ista
670 2357 678 2371 ,
694 2330 789 2363 velut

114 2383 287 2427 regimen,
308 2384 446 2417 referas.
465 2383 668 2429 Elegantius
691 2395 788 2416 nam-

113 2448 181 2480 que
202 2436 359 2469 absolute
386 2436 423 2469 id
442 2449 579 2469 sumere
602 2449 667 2481 pro
689 2436 789 2477 luce,

116 2500 257 2526 aurora,
277 2497 334 2522 aut
357 2489 430 2522 aliis
448 2489 732 2534 quibuscumque
756 2489 790 2521 id

118 2553 236 2584 genus.

174 2606 205 2626 2.
234 2592 357 2636 Magna
383 2606 450 2626 ora.
476 2594 614 2627 Centies
639 2595 731 2627 enim
760 2603 790 2628 et

121 2645 268 2690 sexagies
294 2644 532 2690 magnitudine
554 2655 691 2689 superat
714 2647 790 2680 uni-

844 1919 948 1940 versae
981 1916 1080 1941 terrae
1100 1909 1239 1953 globum
1266 1908 1390 1953 globus
1415 1908 1518 1946 solis,

843 1961 940 1993 aiunt
959 1961 1114 2006 interpp.
1128 1981 1179 1988 —-
1196 1962 1241 1994 At
1254 1961 1330 2007 quis
1349 1959 1467 1994 credat
1481 1960 1517 1993 id

843 2014 1009 2058 cogitasse
1038 2014 1231 2048 Martialem
1253 2015 1267 2047 ἲ
1303 2014 1429 2047 Nonne
1464 2026 1519 2046 re-

844 2066 933 2100 ctius
941 2092 950 2108 ‚
961 2067 986 2099 si
999 2066 1143 2112 physice
1153 2066 1381 2112 intelligendo
1390 2079 1519 2111 magna,

845 2119 1144 2165 comparationem
1159 2119 1371 2153 intellexeris
1385 2120 1520 2153 tacitam

845 2172 938 2205 inter
953 2171 1109 2206 siderum
1121 2181 1382 2207 nocturnorum
1394 2181 1428 2206 et
1441 2172 1523 2206 solis

846 2224 1138 2270 magnitudinem.
1164 2227 1228 2259 Er).
1252 2247 1302 2253 ν-
1322 2225 1443 2259 Siderei
1461 2226 1522 2257 dei.

848 2278 923 2311 Hoc
935 2286 986 2311 est
996 2302 1004 2315 ‚
1017 2279 1124 2312 solem
1136 2280 1198 2324 qui
1213 2278 1367 2312 siderum
1378 2278 1522 2324 proprie

847 2329 1018 2364 dictorum
1035 2332 1071 2365 in
1082 2344 1229 2365 numero
1243 2359 1250 2373 ,
1264 2345 1333 2365 non
1347 2332 1382 2364 in
1404 2331 1523 2376 plane-

849 2393 961 2416 tarum
980 2384 1305 2418 referendum.Vid.
1327 2385 1387 2417 lib.
1409 2385 1522 2428 Spect.

851 2436 959 2481 epigr.
983 2449 1023 2470 11.

907 2489 939 2521 3.
955 2490 1091 2522 Pudebit
1105 2489 1309 2523 Beverlandi
1325 2490 1455 2523 MS.-
1469 2490 1526 2522 Vi-

853 2542 933 2574 rides
954 2543 998 2574 ad
1014 2556 1098 2575 aras.
1122 2544 1148 2575 F
1151 2551 1239 2576 actas
1263 2555 1388 2586 nempe
1409 2554 1449 2575 ex
1470 2555 1524 2574 ce-

853 2595 941 2640 spite
954 2621 963 2636 ‚
981 2604 1014 2628 et
1037 2609 1053 2627 a
1069 2597 1223 2628 romanis
1247 2604 1396 2628 ornatas.

910 2652 941 2685 4.
961 2650 1026 2689 Qui
1041 2649 1157 2685 liter-ax,
1175 2656 1237 2680 etv.
1254 2649 1365 2687 Quem
1383 2648 1526 2681 natalem

1304 2711 1355 2772 4ιί
