2044 3292
501 227 594 255 222

873 211 935 253 M.
960 210 1102 253 VAL.
1141 209 1538 253 MARTIALIS

1172 358 1238 417 C.

1078 491 1331 543 PANACA.*

570 639 617 681 S1
650 654 737 681 non
769 638 919 697 ignota
949 645 1016 680 est
1043 636 1163 680 docti
1189 636 1268 680 tibi
1291 644 1408 679 terra
1428 633 1611 690 Catulli,

640 708 802 751 Potasti
826 715 936 751 testa
955 706 1154 752 Rhaetica
1176 707 1279 750 vina
1297 721 1407 750 mea.

571 847 660 909 E'iy’
690 849 764 890 οὐκ
789 847 962 908 ἀγνοέεις
990 848 1150 906 πάτρην
1173 846 1331 907 λογίοιο
1358 847 1599 899 Κατύλλου,

643 908 700 960 Εν
730 934 918 977 κεραμοις
947 919 1052 968 ἔπιες
1076 908 1267 961 Ραιτικὸν
1294 914 1395 961 οἶνον
1423 919 1542 977 ἐμοῖς.

557 1048 571 1063 *
584 1054 719 1087 Panaca
731 1054 847 1099 suppl.
862 1066 956 1093 vasa,
976 1051 1070 1086 idern
1089 1051 1186 1098 quod

505 1116 599 1142 testae
635 1107 855 1141 Panacorum
892 1119 992 1151 opus.
1031 1106 1187 1139 Panacos

506 1169 622 1194 autem
635 1160 792 1206 populos
804 1159 947 1193 Rhaetiae
958 1159 1108 1192 affirmat
1122 1160 1187 1192 Ra-

506 1213 631 1253 d‘erus,
654 1212 700 1246 de
720 1213 850 1259 quibus
869 1221 985 1246 tamen
1003 1225 1067 1246 nos
1096 1212 1186 1245 nihil

507 1266 714 1313 reperimus.

567 1332 596 1353 1.
627 1320 727 1352 Terra
756 1318 888 1352 Catulli.
910 1319 1053 1351 Verona
1081 1317 1187 1350 nimi·

508 1385 613 1410 rum,
641 1372 753 1418 patria
785 1372 915 1405 Catulli
945 1370 990 1405 de
1020 1384 1089 1416 qua
1117 1372 1188 1417 jam

508 1426 568 1459 lib.
595 1427 629 1467 I,
655 1425 765 1471 epigr.
794 1437 890 1465 v1113
913 1436 994 1458 nam
1008 1425 1188 1457 Veronam

1245 1065 1355 1098 usque
1370 1052 1570 1098 pertinebat
1585 1052 1737 1094 Rhaefia,
1753 1051 1858 1085 hodie
1878 1052 1920 1084 les

1249 1105 1384 1140 Grisons
1397 1133 1406 1146 ‚
1444 1106 1504 1139 ubi
1543 1106 1663 1139 vinum
1701 1117 1916 1151 generosum.

1246 1159 1439 1192 Suetonius
1454 1159 1491 1191 in
1507 1160 1667 1204 Augusto
1683 1171 1757 1204 cap.
1775 1171 1821 1203 77
1835 1170 1864 1191 :n
1877 1157 1922 1190 Et

1245 1212 1397 1245 maxime
1429 1211 1620 1245 delectatus
1647 1220 1696 1245 est
1716 1211 1872 1245 Rhaetico
1891 1227 1921 1245 υ,

1246 1265 1371 1311 supple
1389 1265 1486 1299 vino.
1503 1265 1549 1298 Et
1565 1265 1736 1309 Virgilius
1749 1290 1758 1306 ,
1775 1263 1922 1308 Georgi-

1247 1330 1313 1351 con
1338 1318 1399 1351 lib.
1424 1319 1476 1358 11,
1498 1320 1545 1361 96
1564 1330 1572 1351 z
1594 1335 1606 1347 ιι
1629 1318 1673 1350 Et
1702 1329 1772 1363 quo
1792 1325 1825 1350 te
1849 1328 1923 1350 car-

1247 1371 1343 1404 mine
1369 1370 1503 1412 dicam,
1536 1370 1717 1404 Rhaetica?
1746 1382 1810 1404 nec
1831 1369 1925 1403 cellis

1248 1423 1329 1458 ideo
1344 1422 1519 1459 contende
1537 1423 1705 1458 Falernis.
1724 1441 1737 1453 ›-

1166 1559 1268 1619 CI.

1066 1700 1383 1730 BOLETARIA.

584 1776 735 1832 QUUM
761 1773 869 1817 mihi
894 1771 1027 1817 boleti
1051 1771 1252 1816 dederint
1275 1782 1364 1816 tam
1390 1770 1538 1815 nobile
1563 1788 1746 1825 nomen,

655 1845 946 1900 Prototornis‚
967 1843 1104 1905 pudet
1132 1840 1241 1888 heu!
1266 1843 1408 1888 servio
1435 1841 1640 1887 coliculis.

587 1951 636 1993 Ei
658 1951 725 1994 καὶ
749 1952 826 2012 ἐγὼ
847 1954 1054 1994 κλεινοῒσιν
1078 1951 1283 2010 ἐπώνυμός
1311 1949 1391 2009 εἰμι
1417 1951 1585 2009 μύκησι,

659 2022 951 2080 Πρωτοτόμοις
967 2057 978 2074 .,
1002 2019 1034 2063 ὦ
1054 2024 1132 2064 πᾶν
1159 2017 1322 2081 αἷσχοςῖ
1350 2020 1573 2080 ὑπηρετέω.

563 2132 585 2153 ῐ.
598 2119 703 2164 Quum
722 2119 808 2152 mihi.
825 2119 964 2164 Nempe
977 2131 996 2152 a
1012 2118 1139 2152 boletis
1149 2117 1201 2152 di-

519 2173 611 2207 citur
648 2172 877 2210 boletarium,
913 2172 1031 2216 patina
1069 2171 1201 2205 scilicet

522 2226 578 2261 cui
597 2225 797 2258 boletorum
817 2225 1002 2270 pulmenta
1017 2225 1201 2270 poneban-

523 2288 581 2313 tur
590 2287 625 2312 et
639 2291 708 2324 qua
724 2276 767 2311 ad
780 2289 934 2311 mensam
949 2278 1201 2311 inferebantur.

522 2334 575 2366 De
605 2331 730 2365 boletis
759 2329 954 2364 videndum
988 2339 1039 2364 est
1067 2329 1110 2363 ad
1140 2330 1203 2363 lib.

524 2386 615 2419 XIII
627 2411 636 2426 ‚
652 2385 762 2430 epigr.
779 2395 908 2417 vaur.

582 2451 615 2472 2.
634 2437 808 2471 Cauliculis
823 2437 860 2470 in
877 2449 987 2482 marg.
999 2435 1053 2470 ed.
1068 2436 1203 2481 Langii.

527 2513 579 2518 -
599 2492 803 2524 Prototomis.
832 2491 908 2523 Hoc
943 2498 993 2523 est
1009 2515 1017 2531 ‚
1050 2490 1207 2523 caulibus

530 2543 644 2578 adhuc
666 2544 816 2585 teneris,
839 2552 873 2577 et
894 2543 954 2589 qui
974 2543 1078 2589 primi
1101 2543 1209 2576 succi-

530 2597 664 2631 duntur
683 2606 848 2631 nascente
866 2609 957 2630 vere.
974 2595 1066 2629 Vide
1083 2594 1126 2629 ad
1147 2596 1207 2629 lib.

534 2652 587 2690 X,
609 2651 720 2696 epigr.
749 2662 864 2684 va111
878 2677 886 2691 ‚
906 2657 941 2684 et
967 2649 1121 2683 Plinium
1151 2648 1210 2694 qui

534 2704 591 2736 lib.
612 2705 715 2744 XIX,
729 2716 803 2749 cap.
827 2706 847 2737 8
861 2729 870 2743 ‚
891 2716 952 2736 seu
975 2707 1043 2742 41:
1063 2703 1211 2747 «Cymas

1259 2131 1277 2152 a
1299 2118 1411 2163 prima
1433 2117 1589 2151 sectione
1613 2124 1752 2162 praestat
1774 2115 1936 2161 proximo

1263 2183 1353 2204 vere.
1368 2171 1434 2204 Hic
1455 2178 1506 2203 est
1525 2170 1681 2216 ipsorum
1702 2170 1853 2203 caulium
1875 2167 1936 2202 de-

1260 2224 1408 2263 licatior,
1416 2223 1847 2269 teneriorquecauliculus.
1857 2221 1938 2267 Api-

1262 2277 1308 2311 cii
1325 2276 1494 2317 luxuriae‚
1512 2285 1546 2309 et
1563 2289 1627 2323 per
1642 2289 1722 2309 euin
1742 2281 1853 2309 Druso
1867 2275 1937 2308 Cae-

1264 2330 1329 2364 sari
1344 2328 1517 2363 fastiditus
1527 2355 1536 2371 ‚
1548 2342 1618 2363 non
1630 2330 1703 2363 sine
1713 2328 1939 2374 castigatione

1264 2383 1399 2417 Tiberii
1419 2383 1538 2429 patris.
1557 2400 1570 2412 n

1266 2442 1390 2482 πρῶτος
1401 2461 1410 2474 ,

1589 2384 1768 2416 Prototomi
1785 2389 1899 2415 autem
1921 2393 1937 2413 a

1438 2439 1558 2481 primus
1588 2444 1622 2469 et
1652 2438 1758 2481 τέμνω
1772 2461 1780 2475 ,
1809 2434 1936 2470 scindo,

1267 2489 1362 2523 unde
1380 2491 1494 2535 τόμος,
1517 2491 1629 2529 sectio,
1650 2488 1745 2535 quasi
1765 2487 1859 2521 dicas
1870 2489 1939 2532 pri-

1267 2556 1316 2575 ma
1335 2545 1441 2576 sectio.
1464 2543 1574 2575 Porro
1596 2542 1824 2587 conqueritur
1843 2540 1938 2573 bole-

1268 2596 1418 2637 tarium‚
1446 2594 1544 2641 quod
1577 2595 1679 2629 etiam
1708 2593 1871 2628 inserviat
1898 2592 1938 2625 ad

1270 2648 1432 2683 ferendos
1453 2648 1619 2682 coliculos
1632 2675 1640 2689 ‚
1662 2648 1730 2681 cibi
1750 2659 1856 2692 genus
1877 2647 1940 2678 bo--

1272 2703 1349 2735 letis
1369 2703 1470 2747 longe
1488 2702 1645 2735 inferius.
