1901 3259
380 220 956 265 EPIGRAMMATUM
996 222 1121 264 LIB.
1162 221 1280 263 XII.

1473 222 1528 275 [μ

700 374 965 430 XLVII.

370 531 427 558 IN
467 531 772 561 HABENTEM
813 532 1014 560 VARIOS
1055 510 1288 560 MORES.*

190 646 472 696 Dwmmms,
499 642 658 697 facilis,
679 644 921 703 jucundus,
942 644 1126 688 acerbus
1150 660 1194 688 es
1219 643 1361 692 ide1n,:

262 716 356 759 Nec
381 724 525 758 tecum
548 731 725 775 possum
756 717 926 767 vivere,
955 731 1035 759 nec
1062 716 1153 758 sine
1176 724 1229 759 te.

195 858 421 908 Δύσκολος,
453 857 632 909 εὔκολος,
656 856 900 915 εὐτράπελός
926 855 960 898 θ’
985 856 1070 916 ἅμα
1097 856 1163 899 καὶ
1193 858 1332 916 πικρός
1361 858 1463 899 ἐσσι·

262 928 322 968 Οὐ
354 921 529 985 δύναμαι
557 927 624 968 σὺν
655 925 715 969 σοὶ
742 921 808 986 ζῇν
836 928 872 969 κ’
903 927 1097 970 ἀπάνευθε
1127 928 1210 970 σέο.

181 1050 196 1065 *
225 1058 265 1090 In
295 1056 455 1089 habentem
484 1059 594 1089 <varios
625 1069 723 1089 mores
754 1057 798 1089 ti-

119 1110 212 1143 tulus
231 1110 340 1155 vulgo
355 1109 494 1155 legitur,
511 1122 642 1155 neque,
658 1118 698 1143 ut
713 1110 798 1142 olim

119 1161 268 1204 credidi,
282 1161 531 1196 immutandus.
549 1163 639 1196 Nam
655 1162 699 1196 de
711 1175 800 1196 ama-

119 1216 185 1258 sio,
201 1228 274 1249 non
289 1216 398 1249 amica
415 1216 472 1249 hic
487 1216 613 1261 agitur,
630 1224 663 1249 et
681 1217 798 1249 minus

117 1269 242 1302 Latine
261 1269 517 1314 exprimeretur
538 1282 642 1314 quam
669 1271 798 1303 subau-

118 1320 227 1355 ditur.
253 1322 368 1355 Homo
389 1331 503 1356 autem
527 1323 656 1356 habeus
686 1323 799 1356 varios

118 1387 234 1408 mores
262 1375 356 1408 idem
389 1385 438 1409 est
471 1375 567 1421 quod
601 1389 664 1409 nos
696 1379 799 1421 capri-

119 1430 208 1461 ciem
243 1441 427 1470 vocamus,
464 1437 497 1462 et
532 1429 643 1462 Graeci
680 1428 800 1462 dixere

860 1058 1117 1101 ποικιλότροπον.
1144 1057 1190 1090 Et
1208 1056 1250 1090 ad
1277 1057 1314 1090 id
1336 1058 1465 1091 notabo
1486 1071 1540 1091 re-

860 1110 948 1143 etius
979 1111 1096 1144 forsan
1131 1111 1262 1144 lectum
1292 1110 1338 1144 iri
1373 1111 1409 1144 ill
1440 1111 1541 1144 initio

860 1163 1044 1209 Sapphicae
1055 1162 1131 1197 odae
1141 1162 1185 1196 ad
1198 1165 1373 1197 Venerem
1383 1191 1392 1206 ,
1403 1166 1543 1197 Ποικιλό-

859 1222 953 1261 τροπ’
972 1217 1109 1250 ἀθάνατ’
1125 1211 1312 1262 Ᾰῳροὸίτα,
1338 1230 1403 1263 pro
1424 1218 1541 1262 vulga-

860 1279 917 1309 to,
938 1271 1161 1315 itotxt).0'69w⁷‚
1179 1284 1208 1304 κ.
1234 1284 1265 1304 τ.
1287 1275 1316 1304 λ.
1335 1271 1401 1303 Ex).

917 1337 948 1356 2.
970 1324 1039 1356 Nec
1075 1331 1184 1356 tecum.
1215 1324 1365 1369 Propter
1399 1324 1541 1357 acerbos

861 1385 939 1409 tuos
957 1388 1084 1410 mores.
1098 1399 1152 1403 —
1167 1376 1234 1409 Nec
1247 1379 1313 1409 sine
1334 1385 1373 1410 te.
1393 1378 1542 1422 Propter

861 1438 912 1463 tot
933 1430 1014 1463 alias
1035 1429 1134 1464 dotes
1157 1443 1320 1464 amoenas.

675 1564 981 1619 XLVIII.

416 1722 470 1749 IN
511 1721 750 1749 LAUTUM
791 1721 1207 1750 INVITATOREM.
1232 1702 1249 1718 4

189 1849 404 1892 BOLETOS
429 1856 472 1889 et
492 1862 646 1907 aprum
673 1847 706 1889 si
728 1856 933 1907 tanquam
963 1846 1063 1890 vilia
1088 1848 1213 1907 ponis
1229 1883 1240 1902 ,

260 1919 318 1960 Et
348 1934 438 1960 non
466 1933 560 1960 esse
588 1926 716 1977 putas
744 1917 836 1961 haec
867 1933 963 1961 mea
989 1928 1122 1961 vota:
1151 1917 1266 1961 volo.

188 1989 230 2032 Si
252 1988 524 2031 fortunatum
552 1987 646 2031 fieri
674 2005 744 2032 me
767 1987 928 2043 eredis,
954 1998 997 2032 et
1018 1989 1156 2033 haeres

259 2060 337 2103 Vis
363 2059 514 2115 scribi,
541 2069 723 2120 propter
746 2060 937 2120 quinque
965 2061 1156 2103 Lucrina
1177 2077 1184 2102 :
1210 2059 1315 2103 vale.

189 2131 328 2173 Lauta
355 2139 503 2174 tamen
526 2146 648 2175 coena
671 2140 736 2173 est
758 2147 766 2173 ε
791 2130 945 2186 fateor,
974 2129 1209 2175 lautissima
1226 2147 1237 2186 3
1257 2130 1332 2174 sed
1358 2147 1451 2174 cras

258 2199 331 2244 Nil
357 2201 464 2257 erit,
490 2201 624 2245 immo
649 2201 802 2255 hodie,
829 2202 1030 2262 protinus
1056 2202 1192 2246 immo
1214 2201 1346 2258 nihil,

172 2328 185 2341 ⁸
206 2332 374 2366 Lautitias
404 2331 555 2366 divitum
592 2333 799 2378 captatrices

120 2386 334 2427 contemnit,
356 2386 591 2432 frugalitatem
613 2385 743 2420 laudat.

177 2451 208 2471 ι.
237 2439 305 2472 Pro
331 2441 358 2471 si
386 2447 536 2484 tanquam
564 2440 700 2473 Beverl.
722 2439 797 2473 MS.

121 2500 269 2537 tanquam
300 2492 386 2525 milei.
403 2513 449 2520 --
468 2493 610 2526 Boletos.
632 2492 738 2534 Quod
771 2493 798 2526 si

120 2544 206 2577 mihi
225 2545 429 2590 apposueris
445 2545 542 2579 cibos
559 2545 750 2592 exquisitos
766 2554 800 2579 et

120 2597 398 2633 delicatissimos,
420 2611 483 2632 nec
508 2599 712 2644 superbiens
735 2612 799 2632 nec

121 2663 223 2696 quam
247 2650 384 2684 delicati
408 2651 432 2684 ii
455 2652 522 2686 sint
545 2653 718 2695 referens,
742 2666 800 2686 eos

858 2334 957 2367 laetus
988 2334 1122 2379 accipio
1148 2343 1182 2368 et
1215 2333 1300 2376 edo;
1324 2334 1377 2367 sin
1405 2334 1543 2377 minus,

858 2399 929 2420 non
950 2387 1074 2421 lubens
1091 2391 1236 2421 coenabo
1253 2386 1348 2434 apud
1365 2396 1470 2421 te.-—
1484 2389 1542 2421 Vi-

860 2441 904 2472 lia
918 2468 926 2480 ,
948 2440 1016 2474 hoc
1037 2449 1104 2482 est,
1126 2449 1294 2486 tanquam
1313 2454 1367 2474 res
1390 2440 1485 2474 viles.

916 2497 949 2534 4.
961 2493 1108 2541 Quinque
1118 2495 1268 2527 Lucrina.
1285 2493 1378 2527 Vide
1393 2494 1455 2527 lib.‘
1467 2494 1519 2526 VI
1533 2520 1541 2537 ,

860 2547 970 2592 epigr.
991 2559 1051 2589 211,
1077 2547 1110 2581 5.

915 2603 949 2633 6.
971 2601 1068 2634 Immo
1085 2601 1186 2633 hodie.
1204 2601 1292 2633 Nam
1310 2599 1425 2633 statim
1444 2612 1461 2632 a
1477 2612 1541 2633 coe·

863 2666 904 2686 na
925 2654 1017 2686 uuila
1038 2661 1191 2699 superest
1209 2653 1296 2698 gulae
1314 2653 1487 2698 voluptas.
