2044 3292
499 240 556 286 52

867 240 927 282 M.
950 240 1088 282 VAL.
1129 241 1520 284 MARTIALIS

634 322 802 364 Tritum
826 321 980 364 nitenti
1002 321 1114 364 fuste
1135 320 1336 364 verberat
1355 338 1517 366 saxum.

636 391 728 435 Nec
759 391 888 434 turba
913 400 1051 435 cessat
1075 391 1280 435 entheata
1303 391 1512 448 Bellonae,

636 463 729 505 Nec
760 461 938 505 fasciato
966 461 1201 522 naufragus
1231 461 1390 523 loquax
1414 472 1592 518 trunCO,

637 535 673 575 Α
699 542 837 575 matre
861 531 1015 575 doctus
1045 547 1124 575 nec
1152 548 1307 593 rogare
1331 533 1530 589 Judaeus,

636 602 730 646 Nec
762 601 982 646 sulfuratae
1005 601 1148 662 lippus
1176 603 1348 648 institor
1371 604 1538 647 mercis.

637 674 880 717 Numerare.
902 673 1014 733 pigri
1039 671 1198 716 damna
1219 674 1292 734 qui
1315 683 1459 734 potest
1481 676 1644 728 somni,

634 744 764 787 Dicet
787 752 895 803 quot
918 758 1003 786 aera
1029 742 1262 787 verberent
1284 760 1439 788 manus
1460 744 1602 798 urbis,

497 889 572 921 cap.
596 877 639 907 26
651 901 659 916 ‚
675 873 863 920 legendum
880 874 1026 919 conjicit
1042 875 1172 909 balucis.

498 929 555 962 Sic
576 928 687 967 enim,
709 927 844 973 inquit,
861 940 988 961 massas
1008 927 1175 973 quasdam

498 981 574 1015 auri
584 980 702 1014 vocari
715 980 751 1013 in
762 981 931 1026 Hispania
944 981 1066 1014 solere.
1082 981 1173 1015 Plin.

497 1035 560 1067 lib.
590 1034 771 1075 XXXIII,
791 1045 865 1080 cap.
897 1037 929 1074 4.
959 1034 1029 1067 Alii
1055 1034 1176 1079 legunt

494 1087 645 1133 paludis,
670 1085 766 1132 quod
803 1086 1030 1127 vocabulum,
1062 1087 1178 1133 inquit

499 1139 651 1180 ibidem,
673 1152 691 1172 a
711 1140 806 1173 vocis
830 1140 1097 1186 propinquitate
1126 1140 1176 1173 fa-

499 1193 564 1227 cile
589 1191 731 1226 deflecti
757 1193 886 1239 potuit.
910 1193 1003 1226 Mihi
1031 1192 1177 1238 quidem

499 1259 572 1279 non
593 1245 673 1279 satis
701 1244 1002 1279 accommodatum
1019 1246 1078 1279 hic
1105 1258 1178 1279 esse

500 1298 640 1332 videtur
658 1298 788 1343 paludis
808 1310 937 1331 nomen
955 1324 964 1340 ,
989 1299 1070 1332 licet
1090 1299 1177 1343 Tagi

501 1360 658 1386 ramenta
681 1363 785 1384 aurea
806 1351 1096 1396 interpretentur.
1121 1351 1177 1384 Sic

500 1405 658 1438 Turneb.
694 1403 796 1437 Idem
832 1412 948 1437 censet
982 1404 1176 1438 Salmasius.

501 1458 633 1492 Barbou
657 1469 698 1490 ex
726 1457 898 1490 Turnebo
929 1457 1012 1490 citat
1043 1457 1175 1498 balteis,

502 1520 536 1545 et
548 1524 590 1545 ex
607 1510 748 1543 Salmas.
767 1509 895 1542 balneis.
918 1509 1013 1543 Illud
1023 1523 1103 1555 ergo
1118 1522 1178 1543 au-

502 1576 583 1598 rum
600 1561 688 1596 rude
708 1575 750 1596 ex
772 1563 938 1608 Hispania
962 1564 1108 1596 Romam
1129 1563 1179 1596 af-

502 1617 690 1655 ferebatur,
718 1616 778 1648 ubi
807 1616 843 1648 in
868 1616 1021 1649 bracteas
1049 1616 1178 1650 tenuis-

503 1671 605 1704 simas
637 1667 903 1703 extendebatur.
935 1668 1063 1702 Saxum
1095 1681 1178 1702 vero

503 1723 627 1757 tritum
656 1720 762 1763 dicit,
785 1729 930 1767 propter
961 1722 1179 1767 frequentem

503 1774 715 1809 malleatoris
742 1775 1016 1820 percussionem.
1052 1776 1180 1808 Farna-

504 1829 583 1862 hius
607 1827 736 1861 retinet
754 1827 904 1872 paludis,
933 1835 967 1860 et
994 1828 1042 1861 sic
1070 1828 1180 1873 expli-

506 1890 581 1922 cat,
602 1881 671 1914 hoc
691 1888 763 1921 est,
785 1880 848 1913 lini
875 1888 909 1913 et
933 1881 1060 1922 setabi,
1082 1880 1177 1926 quod

504 1935 542 1967 in
559 1932 740 1979 paludosis
751 1933 929 1978 Hispaniae
940 1933 1024 1967 locis
1038 1935 1179 1968 seritur.

507 1985 614 2029 Quod
625 1985 718 2020 enim
728 2010 737 2026 ‚
751 1985 866 2030 inquit
875 2011 884 2028 ,
895 1986 1084 2020 Turnebus
1099 1987 1183 2033 legit

508 2041 625 2073 balucis
638 2065 647 2079 ,
671 2038 870 2072 nullatenus
888 2039 1053 2072 convenit
1072 2052 1183 2074 aureae

507 2104 623 2140 operae
641 2104 722 2125 cum
746 2091 846 2125 fuste.
866 2090 994 2124 Videat
1009 2092 1130 2125 lector.

566 2158 622 2179 10.
645 2144 721 2178 Non
750 2151 838 2176 vecte
865 2143 1072 2178 Beverlandi
1106 2144 1180 2178 MS.

509 2220 561 2226 -—
602 2198 725 2230 Tritum
761 2199 901 2237 nitenti,
946 2205 1010 2232 etc.
1054 2198 1182 2230 Linum

509 2251 594 2285 olim
612 2250 650 2282 in
667 2261 749 2282 saxo
766 2249 856 2282 fuste
870 2249 989 2294 ligneo
1001 2276 1010 2292 ,
1028 2262 1086 2283 seu
1101 2251 1184 2284 mal-

510 2306 565 2337 leo
593 2302 749 2348 stupario
774 2301 1003 2337 tundebatur.
1026 2303 1115 2336 Nam
1144 2312 1184 2337 ut

510 2357 603 2390 Plin.
633 2354 694 2388 lib.
729 2355 834 2396 XIX,
863 2367 937 2400 cap.
970 2369 983 2389 1
1003 2381 1012 2397 ‚
1041 2356 1182 2402 inquit:

511 2411 591 2444 Mna:
616 2408 766 2450 arefactae
794 2401 921 2452 (virgae
944 2407 1030 2449 lini)
1050 2412 1082 2441 in
1106 2422 1184 2442 saxo

511 2462 684 2496 tunduntur
712 2462 852 2504 stupario
886 2461 1008 2493 malleo.
1039 2462 1107 2494 Alii
1141 2461 1185 2495 de

511 2528 596 2548 auro
623 2520 807 2546 extenuato
829 2512 865 2544 in
884 2513 1030 2547 laminas
1054 2523 1087 2547 et
1105 2516 1184 2547 bra-

511 2577 601 2602 cteas
613 2567 903 2610 interpretantur.
913 2567 1053 2599 —Haec
1067 2579 1184 2600 revera

510 2621 661 2653 imitatus
687 2626 739 2651 est
763 2618 908 2651 Nostras
937 2620 1119 2661 Bonam,
1150 2621 1184 2653 iu

511 2674 639 2710 Satira,
661 2683 764 2716 supra
784 2671 886 2705 citata
903 2683 908 2703 :

1239 900 1243 904 .
1256 899 1261 904 .
1274 899 1279 905 ,
1292 890 1339 905 .un
1352 881 1450 906 affl-eux
1462 881 1597 910 serrurier,
1611 880 1743 905 laborieux
1756 879 1878 908 Vulcain.

1233 933 1400 965 Qu’eveillera
1415 934 1517 958 hiemo:
1532 932 1656 957 l’ardente
1670 924 1723 957 sois
1738 933 1771 957 du
1785 933 1843 966 gain
1855 951 1861 961 ,

1233 989 1302 1012 Avec
1322 996 1357 1010 un
1380 986 1419 1011 ter
1434 986 1543 1016 mandit,
1565 985 1622 1020 qu'a'i
1643 985 1724 1019 grand
1742 985 1814 1011 bruit
1831 985 1850 1010 il
1865 994 1907 1020 ap*

1303 1039 1390 1073 prete,

1234 1091 1271 1115 De
1293 1098 1351 1116 cent
1370 1101 1448 1125 coups
1470 1092 1501 1115 de
1517 1097 1634 1116 max-teau
1657 1100 1697 1115 me
1718 1099 1748 1115 va
1773 1091 1862 1115 fendre
1886 1090 1909 1114 la

1305 1146 1366 1170 tete.
1772 1144 1820 1168 En.

1294 1205 1308 1226 1
1321 1206 1333 1226 1
1346 1219 1353 1225 .
1373 1193 1440 1226 Nec
1457 1193 1560 1226 turba.
1580 1190 1784 1225 Sacerdotes
1804 1191 1910 1225 intel-

1234 1246 1320 1292 lige,
1336 1246 1397 1292 qui
1419 1245 1586 1291 sanguine
1602 1257 1665 1278 suo
1683 1244 1834 1278 Bellonae
1849 1257 1914 1277 nu-

1236 1312 1317 1332 men
1339 1298 1543 1344 placabant,
1566 1306 1599 1331 et
1617 1298 1773 1331 furentes
1791 1297 1911 1331 vatici-

1235 1353 1421 1385 nabantur.
1442 1352 1628 1392 Lucanus,
1645 1351 1662 1383 I
1674 1377 1683 1392 ,
1705 1350 1776 1385 565
1798 1367 1812 1381 α
1825 1363 1912 1396 quos

1236 1405 1335 1439 sectis
1348 1405 1492 1438 Bellona
1504 1403 1640 1438 lacertis
1653 1404 1746 1437 Saeva
1757 1412 1912 1445 movet»,

1236 1467 1304 1492 etc.
1318 1458 1462 1491 Bellona
1476 1466 1589 1491 autem
1607 1464 1659 1490 est
1670 1456 1754 1490 belli
1767 1457 1839 1490 Dea
1849 1482 1858 1498 ,
1879 1465 1913 1491 et

1237 1524 1335 1544 soror
1342 1510 1465 1544 Martis
1474 1518 1709 1556 nuncupatur.
1719 1509 1754 1543 Si
1764 1510 1848 1544 velis
1856 1522 1914 1556 pe-

1236 1564 1330 1597 nitus
1352 1576 1564 1609 cognoscere
1581 1575 1656 1609 quae
1672 1562 1717 1596 ad
1732 1563 1912 1596 Bellonam

1237 1617 1399 1662 illiusque
1409 1615 1453 1650 ad
1463 1617 1596 1650 cultum
1610 1616 1820 1662 pertineant,
1833 1629 1915 1650 con-

1238 1670 1329 1704 ferre
1356 1670 1461 1703 libeat
1480 1671 1680 1703 Excursum
1704 1669 1741 1702 de
1762 1669 1912 1709 Bellona,

1239 1723 1300 1769 qui
1322 1723 1506 1767 subjicitur
1521 1723 1664 1756 Tibullo
1678 1721 1841 1756 editionis
1853 1734 1915 1755 no-

1239 1784 1334 1818 strae,
1351 1788 1429 1822 pag.
1453 1776 1527 1821 374
1547 1788 1619 1820 sqq.
1641 1775 1702 1808 ubi
1724 1775 1842 1808 omnia
1859 1787 1914 1809 ac-

1239 1829 1454 1862 curatissime
1473 1828 1645 1873 descripta
1665 1836 1758 1862 sunt.
1777 1828 1844 1861 En.
1863 1850 1915 1855 —

1240 1883 1412 1915 Entheata.
1425 1881 1686 1923 ἐνθουσιάζουσα;
1697 1881 1732 1914 in
1743 1877 1804 1922 (ἐν)
1812 1893 1915 1928 quam

1240 1934 1327 1969 deus
1343 1929 1454 1979 (θεός),
1469 1935 1524 1968 vel
1538 1933 1678 1968 divinus
1690 1933 1832 1980 quidam
1850 1935 1916 1980 spi-

1240 1989 1329 2021 ritus
1347 2000 1419 2022 sese
1437 1988 1604 2022 insinuat.
1625 1986 1736 2032 Supra
1756 1987 1829 2033 ipse
1842 1988 1916 2028 XI,

1241 2053 1383 2082 manv,
1403 2044 1424 2080 4
1442 2050 1449 2071 :
1467 2058 1480 2071 α
1497 2041 1617 2082 Quum
1635 2040 1720 2073 furit
1737 2039 1781 2073 ad
1802 2040 1915 2086 Phry-

1243 2094 1317 2139 gios
1339 2093 1462 2127 enthea
1485 2094 1585 2126 turba
1605 2091 1739 2126 modos.
1760 2110 1773 2121 ι»
1792 2094 1860 2126 En.

1300 2159 1358 2179 12.
1377 2146 1445 2180 Nec
1458 2148 1610 2190 fasciam.
1637 2146 1817 2179 Juvenalis
1842 2145 1913 2179 Sat.

1242 2199 1329 2231 XIV
1343 2225 1351 2241 ‚
1390 2199 1456 2232 302
1496 2211 1503 2232 :
1543 2216 1556 2229 «ι
1587 2199 1775 2244 naufragus
1808 2211 1915 2233 assem

1243 2253 1338 2285 Dum
1356 2261 1470 2298 rogat,
1490 2260 1524 2286 et
1542 2252 1637 2298 picta
1657 2263 1694 2285 se
1714 2259 1917 2297 tempestate

1246 2313 1376 2338 tuetur.
1397 2322 1410 2334 υ

1303 2361 1358 2398 14.
1373 2358 1441 2391 Nec
1455 2358 1631 2401 sulfur-acce.
1650 2357 1727 2390 Hoc
1749 2365 1800 2390 est
1813 2383 1822 2397 ‚
1843 2369 1913 2390 non

1245 2418 1355 2444 cessat
1386 2411 1609 2456 proclamare.
1642 2409 1737 2443 Vide
1774 2410 1835 2444 lib.
1874 2411 1891 2442 I
1905 2435 1915 2448 ,

1244 2463 1355 2508 epigr.
1380 2475 1476 2504 nn,
1501 2471 1535 2497 et
1558 2463 1618 2496 lib.
1640 2463 1693 2504 X,
1718 2463 1828 2508 epigr.
1856 2475 1914 2496 111.

1246 2515 1379 2562 Lippus
1398 2529 1480 2549 vero
1498 2514 1637 2554 dicitur,
1658 2528 1784 2562 nempe
1807 2528 1824 2548 a
1846 2515 1915 2548 sul-

1247 2569 1340 2607 fure,
1366 2567 1462 2614 quod
1481 2581 1620 2614 semper
1639 2569 1800 2602 manibus
1823 2569 1914 2601 terit.

1306 2622 1362 2654 15.
1389 2622 1469 2664 Quis
1487 2620 1563 2655 cod.
1587 2621 1720 2654 Beverl.

1300 2678 1350 2706 16.
1365 2674 1450 2717 Quot
1468 2675 1671 2715 ‹e·1·1‹.Quuni
1682 2675 1779 2706 Luna
1797 2686 1813 2705 a
1832 2672 1916 2706 caelo
