1901 3259
547 208 1049 254 SUPPOSITITIA.
1407 221 1501 267 297

716 372 890 428 XVI.

620 528 689 556 AD
728 525 989 557 AULICUM·

170 662 344 706 MULTA
375 662 483 706 mihi
510 662 670 719 donas,
691 678 844 707 vereor
872 678 927 705 ne
958 660 1094 704 multa
1125 660 1346 720 requiras:

238 730 349 775 Nolo
380 732 484 776 mihi
510 732 667 789 dones,
687 732 861 788 Aulice,
885 733 919 776 si
941 740 1123 792 repetas.

554 1053 623 1080 AD
663 1051 1050 1081 GERMANICUM.

167 1186 387 1230 EXALTAS
414 1186 458 1229 in
484 1184 556 1229 lite
583 1195 730 1241 tuam,
751 1185 1037 1239 Germanice,
1055 1200 1206 1229 vocem
1221 1220 1230 1237 ‚

236 1257 298 1300 Ut
321 1255 454 1300 furias
476 1257 630 1300 mentis
652 1272 737 1300 vox
759 1255 922 1299 furiosa
944 1264 1079 1299 sonet.

682 1418 932 1475 XVIII.

642 1577 710 1604 AD
749 1575 971 1606 BASSUM.

166 1712 323 1756 OMNIS
342 1712 506 1756 amicus
530 1721 670 1766 amat,
691 1711 766 1755 sed
795 1727 885 1754 non
912 1712 986 1771 qui
1012 1719 1129 1753 amat
1152 1710 1292 1754 omnis
1322 1710 1509 1767 amicus;

235 1780 318 1826 Sed
344 1798 499 1842 quem,
525 1784 680 1836 Basse,
706 1791 754 1825 tu
780 1797 924 1835 ames,
954 1789 1047 1824 esto
1079 1789 1122 1824 et
1147 1781 1314 1825 amicus
1339 1780 1389 1823 ei.

711 1945 892 2000 XIX.

591 2100 645 2128 ΙΝ
685 2099 1009 2128 TURGIDUM.

162 2238 217 2282 IN
247 2245 421 2281 noctem
447 2235 635 2297 prandes
648 2271 660 2292 ‚
682 2237 726 2278 in
750 2245 922 2280 noctem
937 2271 949 2292 ‚
964 2235 1178 2297 Turgide,
1199 2252 1343 2281 coenas
1358 2273 1370 2293 ‚

232 2305 582 2367 Multimodoque
612 2305 760 2350 mades
784 2315 912 2350 nocte.
937 2305 1092 2366 dieque
1115 2322 1250 2351 mero.

167 2377 407 2437 Quumque
438 2377 526 2420 cuti
550 2375 746 2432 studeas,
777 2392 958 2420 uxorem
984 2376 1144 2421 ducere
1168 2394 1258 2421 non
1285 2378 1373 2434 vis3

235 2447 385 2503 Quum
414 2445 546 2500 nolis,
578 2446 709 2501 dicis,
727 2447 830 2491 Vita
860 2446 1019 2508 pudica
1043 2446 1197 2508 placet.

165 2516 377 2576 Turgide,
397 2516 589 2560 mentiris
614 2533 621 2559 :
645 2533 734 2561 non
756 2527 820 2561 est
837 2517 930 2561 haee
952 2517 1041 2561 vita
1061 2517 1229 2578 pudica.

235 2586 314 2629 Vis
344 2586 509 2639 dicam,
532 2602 626 2646 quae
655 2588 708 2630 sit
732 2588 819 2631 vita
845 2586 1031 2647 pudica?
1057 2586 1230 2630 Modus.
