1901 3259
317 258 903 301 EPIGRAMMATUM
943 258 1065 300 LIB.
1097 257 1236 300 XIV.

1384 274 1474 317 175)

679 408 872 463 XXV,

468 563 673 592 PECTEN
711 564 779 591 AD
817 542 1081 592 tummim*

144 687 274 742 QUID
301 686 449 744 faciet,
471 687 612 732 nullos
639 688 710 732 hic
737 689 967 732 inventura
991 686 1190 749 capillos,

214 756 436 802 Multifido
466 758 608 803 buxus
638 774 732 819 quae
762 758 840 802 tibi
867 758 995 803 dente
1020 757 1175 802 datur?

144 885 313 945 Εὑροῦσ’
339 880 527 945 οὐδεμίην
555 888 593 928 ἐν
625 885 688 928 σοὶ
715 886 856 945 τρίχα,
883 891 966 936 πῶς
991 888 1027 928 σ’
1058 883 1103 928 ἂν
1133 888 1271 934 ὀνῆσαι

216 955 288 1006 Εἰς
316 957 502 1006 πυκινοὺς
528 957 648 1015 σχιςὴ
676 951 797 1005 πύξος
819 950 989 1006 ὀδόντας
1015 957 1112 1016 ἐμῆς

127 1086 143 1101 *
164 1093 282 1126 Pecten
313 1093 358 1125 ad
390 1092 522 1126 Calvum
554 1092 682 1138 legitur
717 1093 753 1125 in

76 1143 158 1179 edd.
178 1140 262 1179 ve'tt.

131 1211 164 1231 1.
198 1196 323 1231 Invenit
355 1200 402 1231 ira
435 1196 642 1231 Beverlandi
676 1197 753 1230 MS.

75 1250 169 1284 facili
191 1259 225 1285 et
245 1251 346 1285 solita
368 1251 433 1284 τοῖν
458 1253 497 1283 in·
516 1258 551 1283 et
575 1258 607 1282 ια
631 1250 755 1284 confu-

808 1093 910 1126 sione
930 1092 966 1125 in
988 1091 1181 1126 codicibus.
1201 1114 1253 1119 ——
1269 1093 1486 1137 Ouidsaciet.

809 1145 952 1179 Pectine
984 1146 1099 1178 buxeo
1138 1146 1274 1179 calvum
1302 1146 1488 1192 quemdam

809 1196 937 1239 donat,
971 1210 1044 1243 quo
1077 1211 1151 1231 non
1180 1198 1248 1243 ipsi
1277 1211 1368 1244 opus
1395 1208 1488 1240 erat,

811 1258 915 1296 atque
938 1251 986 1284 ita
1013 1250 1111 1284 illum
1133 1249 1257 1285 irridet
1275 1252 1392 1286 Poeta.

664 1381 900 1438 XXVI..

709 1512 860 1563 stipo*

149 1649 386 1692 CAUSTICA
413 1645 675 1690 Teutonicos
706 1644 904 1688 accendit
934 1662 1089 1705 spuma
1114 1645 1313 1707 capillos;

221 1718 417 1778 Captivis
447 1716 610 1777 poteris
639 1713 796 1759 cultior
824 1731 915 1758 esse
941 1716 1090 1760 comis.

149 1841 386 1883 Τευτονικὸν
414 1838 514 1882 καίει
539 1838 770 1897 πλοκάμους
799 1836 991 1898 ἄφρισμα·
1021 1841 1177 1886 ποιήσει

222 1900 259 1953 H
293 1904 556 1970 δουρίκτητος
587 1906 837 1969 κομψότερόν
866 1925 909 1950 σε
938 1909 1055 1968 κόμη.

136 2037 151 2051 '‘
181 2038 291 2072 Crines
320 2051 397 2083 sapo
425 2037 609 2082 inscriptio
641 2045 692 2070 est
719 2037 755 2069 in

83 2090 160 2125 Ald.
180 2092 202 2125 J
205 2101 281 2125 unt.
302 2090 416 2124 Colin.
434 2089 572 2135 Langii.

135 2165 188 2170 —
209 2144 306 2190 Sapo.
331 2143 466 2176 Plinius
490 2143 555 2177 lib.
579 2142 755 2183 XXVIII,

84 2209 158 2242 cap.
180 2209 223 2231 12
246 2209 255 2231 ε
275 2195 445 2230 «Prodest
467 2204 502 2229 et
518 2208 620 2241 sapo,
641 2195 758 2228 Gallo-

84 2263 163 2283 rum
186 2250 255 2284 hoc
279 2250 459 2283 inventum
471 2275 480 2291 ‚
498 2247 684 2282 rutilandis
702 2259 757 2281 ca-

85 2302 196 2348 pillis,
219 2314 264 2336 ex
284 2314 366 2336 sevo
389 2310 423 2335 et
445 2301 573 2335 cinere.
597 2301 758 2346 Optimus

85 2355 200 2400 fagino
221 2364 255 2389 et
276 2355 442 2401 caprino,
464 2353 601 2387 duobus
621 2352 756 2393 modis,

86 2408 214 2453 spissus
232 2420 272 2442 ac
291 2407 446 2454 liquidus
462 2419 471 2440 :
492 2415 641 2452 uterque
662 2405 759 2452 apud

87 2460 280 2495 Germanos
291 2462 422 2505 majore
432 2460 470 2493 in
482 2472 548 2493 usu
562 2459 646 2493 viris
655 2471 759 2504 quam

88 2513 237 2547 feminis.
257 2530 271 2543 u

146 2579 177 2600 1.
191 2584 204 2596 u
224 2566 338 2599 Catica
349 2577 362 2600 .·
376 2577 487 2611 quum
503 2563 611 2598 codex
631 2563 764 2598 Medio-

89 2619 239 2652 lanensis
259 2618 308 2652 sic
328 2619 470 2658 habeat,
493 2625 594 2662 atque
614 2617 661 2650 sic
678 2629 766 2662 quo-

92 2683 158 2714 que
181 2672 218 2704 iu
243 2671 319 2704 MS.
347 2683 409 2704 suo
436 2670 558 2714 legerit
585 2668 763 2707 Raderus,

816 2035 980 2069 demirari
1005 2035 1085 2070 satis
1106 2049 1264 2082 nequeo,
1290 2039 1385 2084 quod
1411 2055 1491 2088 pro.

815 2089 897 2122 bam
910 2089 1097 2123 lectionem
1111 2102 1184 2123 non
1199 2091 1397 2128 retinuerit.
1414 2095 1491 2129 Cat-

816 2142 883 2175 tica
903 2154 1028 2187 spuma
1048 2150 1099 2176 est
1118 2143 1244 2177 Batava
1265 2155 1272 2177 ε
1291 2144 1352 2178 lib.
1376 2147 1465 2181 VIII
1480 2173 1489 2190 ,

817 2195 925 2240 epigr.
943 2208 1065 2228 xxxnl.
1087 2213 1099 2224 n
1127 2196 1316 2231 Beverland.

874 2261 905 2281 2.
934 2247 1075 2293 Captivis
1101 2251 1205 2282 comis.
1235 2250 1493 2286 Germanorum

818 2300 968 2342 scilicet,
999 2313 1085 2346 quos
1112 2302 1294 2347 subegerat
1320 2305 1492 2339 Domitia-

818 2366 894 2386 nus.
908 2353 1136 2387 Notissimum
1153 2363 1268 2388 autem
1284 2364 1334 2389 est
1342 2356 1448 2391 flavos
1460 2366 1494 2391 et

819 2406 924 2439 fuisse
941 2415 974 2439 et
992 2418 1062 2439 esse
1080 2407 1193 2440 crines
1213 2408 1492 2452 Germanorum3

820 2458 879 2504 qui
896 2459 992 2492 color
1009 2458 1109 2492 valde
1125 2459 1220 2505 apud
1231 2460 1370 2494 Graecos
1386 2470 1419 2495 et
1429 2464 1496 2495 Ro-

824 2524 945 2545 manos
964 2511 1236 2546 commendatus.
1265 2513 1392 2548 Sensus
1414 2527 1496 2561 ergo

825 2572 892 2597 est:
908 2564 943 2597 Si
954 2577 1083 2610 sapone
1098 2565 1203 2598 utaris
1215 2591 1224 2606 ,
1237 2566 1496 2600 Germanorum

822 2617 1027 2662 elegantiam
1042 2629 1150 2651 comae
1171 2626 1237 2651 tuae
1253 2618 1420 2664 elegantia
1439 2632 1499 2654 su-

823 2681 944 2714 perare
967 2670 1108 2713 poteris.

1215 2740 1297 2784 12²
