2044 3292
521 251 608 296 172

885 236 944 279 M.
969 237 1116 279 VAL.
1155 234 1542 279 MARTIALIS

1126 386 1301 442 XIV.

1032 541 1149 569 TALI
1190 540 1401 570 EBOREI.

581 666 729 721 Quum
756 665 921 707 steterit
946 662 1089 708 nullus
1114 663 1237 708 vultu
1262 664 1338 708 tibi
1365 662 1475 708 talus
1500 663 1676 719 eodem,

650 735 835 778 Munera
864 750 931 778 me
956 733 1072 779 dices
1096 750 1254 796 magna
1275 733 1443 779 dedisse
1470 734 1559 778 tibi.

577 868 752 924 Οὐδενὸς
775 874 1010 936 ἀςραγοίλου
1032 875 1097 918 ἐπὶ
1124 877 1253 918 ταύτὸ
1276 882 1414 935 σχῆμα
1441 876 1688 934 τραπέντῠς,

646 944 772 995 Φαίης
802 962 866 988 κεν
895 947 991 1006 ποιρ7
1017 948 1114 1006 ἐμοῦ
1142 941 1253 1006 δῶρα
1281 947 1429 1007 μέγιςα
1454 941 1604 988 Messio.

573 1095 602 1116 1.
636 1084 741 1129 Quum
771 1087 900 1118 steterit.
933 1086 986 1118 De
1014 1085 1090 1118 talis
1114 1086 1184 1130 jam

509 1136 659 1170 diximus
675 1137 735 1171 lib.
757 1138 822 1179 IV,
841 1138 950 1184 epigr.
969 1151 1029 1172 X1v
1042 1165 1051 1180 ‚
1071 1146 1104 1171 et
1122 1138 1182 1171 lib.

512 1190 619 1231 XIII,
651 1190 759 1236 epigr.
797 1203 836 1224 11.
876 1191 1106 1237 Calcagninus
1140 1189 1185 1224 cle

509 1243 629 1277 Talis:
657 1244 744 1277 «Sex
769 1253 867 1289 sunt,
891 1244 1027 1290 inquit,
1049 1244 1109 1278 tali
1136 1245 1185 1277 la-

510 1304 601 1338 tera,
626 1297 688 1330 etsi
715 1306 868 1342 quatuor
896 1306 1028 1331 tautum
1058 1298 1092 1330 iu
1121 1310 1186 1331 usu

509 1348 706 1384 ludentium
730 1350 818 1391 sint3
842 1363 921 1384 narn
943 1349 1014 1384 duo
1038 1359 1118 1384 sunt
1139 1351 1184 1383 ita

510 1403 674 1442 incurva,
705 1411 743 1436 ut
776 1403 844 1437 illis
876 1405 964 1437 talus
990 1405 1047 1437 vix
1080 1404 1187 1449 possit

508 1455 706 1490 consistere.
726 1456 796 1490 Has
814 1458 965 1503 κεραίαις,
982 1457 1018 1490 id
1038 1466 1108 1498 est,
1125 1469 1185 1490 au-

511 1516 651 1550 tenuas,
674 1508 815 1543 videtur
840 1511 1042 1544 Aristoteles
1066 1511 1186 1556 appel-

508 1561 604 1595 lasse.
637 1562 788 1596 Proinde
814 1564 939 1597 scitum
969 1573 1019 1598 est
1050 1564 1086 1596 in
1116 1564 1186 1596 talo

508 1615 689 1649 binarium
715 1625 748 1650 et
780 1616 1000 1662 quinarium,
1033 1616 1092 1662 qni
1114 1615 1185 1649 duo

510 1669 646 1701 numeri
675 1677 755 1702 suut
784 1669 819 1702 in
845 1670 981 1703 tesseris
1011 1669 1186 1715 oppositi,

509 1720 712 1756 desiderari.
729 1722 780 1755 Ex
795 1723 939 1769 reliquis
957 1731 1110 1769 quatuor
1127 1723 1184 1756 mli

509 1775 666 1820 partibus
686 1788 754 1809 una
779 1777 921 1821 supina,
947 1777 1053 1809 altera
1075 1787 1184 1821 prona

509 1827 642 1862 dicitnr
659 1840 666 1862 :
687 1841 763 1874 qum
782 1827 862 1863 duae
880 1828 1024 1863 ternarii
1047 1837 1081 1862 et
1097 1841 1185 1875 qua-

510 1882 652 1915 ternarii
666 1895 680 1915 x
691 1882 757 1915 icen
770 1883 915 1916 obeunt.
931 1883 1054 1916 Unitas
1071 1890 1186 1915 autem

509 1943 542 1968 et
570 1935 666 1968 s'enio
695 1934 829 1969 duabus
860 1935 1004 1981 reliquis
1030 1935 1186 1981 partibus

509 1988 718 2022 tribuuntur
735 2001 743 2022 :
762 1989 938 2022 senionem
952 2001 1034 2023 vero
1051 1989 1165 2023 Coum
1178 2014 1186 2029 ,

512 2041 681 2074 unitatem
723 2042 852 2076 Chium
886 2043 1066 2075 vocabant.
1091 2060 1103 2072 u
1141 2042 1187 2074 Et

511 2095 616 2140 paulo
633 2094 721 2128 infr-‘1
737 2107 744 2127 :
771 2094 861 2128 «Sed
878 2107 999 2128 omnes
1019 2107 1115 2127 casus
1135 2103 1186 2127 ta—

510 2147 624 2180 lorum
648 2160 688 2180 cx
712 2147 965 2181 consuetudine
987 2147 1186 2180 ludentium

512 2201 732 2234 annumerati
761 2209 858 2234 erant
883 2201 1037 2246 quinque
1065 2209 1098 2233 et
1125 2201 1186 2233 tri-

511 2254 629 2299 ginta;
650 2266 799 2299 quorum
820 2253 962 2299 quidam
984 2265 1001 2286 a
1022 2252 1110 2294 diis,
1129 2254 1186 2286 alii

512 2307 554 2340 ab
579 2307 767 2348 heroibus,
789 2307 845 2339 alii
868 2320 885 2339 a
911 2306 1010 2341 elaris
1034 2307 1186 2340 homini-

514 2361 577 2393 bus
595 2368 651 2394 aut
667 2373 683 2394 a
700 2360 939 2395 meretricibus
954 2371 1081 2394 nomen
1100 2360 1186 2394 acei-

1246 1084 1391 1130 piebant
1418 1096 1426 1117 ;
1453 1083 1615 1117 nonnulli
1641 1095 1724 1116 vero
1753 1083 1795 1117 ab
1816 1095 1921 1117 even-

1247 1137 1340 1171 tibus
1368 1137 1429 1183 qui
1457 1149 1535 1170 cuin
1564 1135 1666 1169 laude
1698 1144 1756 1170 aut
1786 1137 1920 1182 probro

1245 1189 1459 1229 acciderant,
1471 1189 1802 1223 denominabantur.
1812 1189 1920 1223 Senio

1245 1253 1360 1278 autem
1382 1256 1398 1276 a
1416 1244 1555 1276 Venere
1575 1242 1803 1288 nuncupatim
1823 1254 1920 1287 sepa·

1245 1295 1443 1341 raturapud
1459 1295 1602 1329 Sueton.
1618 1307 1694 1341 cap.
1709 1308 1728 1340 7
1740 1308 1752 1329 1
1770 1295 1806 1328 in
1817 1295 1918 1341 epist.

1245 1349 1391 1394 Augusti
1414 1348 1457 1382 ad
1482 1348 1688 1382 Tiberium:
1713 1348 1919 1389 “Lusimns‚

1245 1403 1293 1436 mi
1309 1402 1449 1441 Tiberi,
1468 1406 1656 1447 γερεντικῶς
1667 1410 1701 1434 et
1715 1401 1791 1435 heri
1808 1409 1842 1435 et
1861 1401 1922 1435 ho-

1244 1455 1312 1489 die.
1333 1455 1428 1488 Talis
1444 1456 1537 1488 enim
1551 1455 1704 1499 jactatis,
1720 1462 1759 1488 ut
1772 1454 1920 1500 quisque

1244 1521 1366 1542 canem
1400 1517 1457 1541 aut
1483 1509 1664 1541 senionem
1695 1507 1856 1550 miserat,
1884 1507 1919 1540 in

1244 1562 1398 1608 singulos
1410 1562 1494 1595 talos
1505 1561 1657 1607 singulos
1668 1559 1829 1594 denarios
1840 1573 1920 1599 qon-

1244 1616 1482 1661 ferebat,quos
1494 1614 1638 1648 tollebat
1652 1614 1845 1655 universos,
1860 1614 1918 1659 qui

1245 1669 1418 1702 Venerem
1433 1670 1573 1714 jecerat.
1591 1684 1604 1696 »
1628 1666 1726 1700 Idem
1745 1666 1922 1712 Calcagni-

1244 1734 1309 1755 nus
1330 1734 1337 1755 :
1360 1739 1373 1752 «
1390 1720 1458 1754 Sed
1481 1720 1616 1767 quoties
1635 1720 1694 1754 tali
1715 1720 1762 1754 ita
1783 1718 1920 1753 excide-

1243 1775 1327 1808 bant
1340 1802 1348 1815 ,
1385 1783 1423 1807 ut
1463 1773 1598 1807 diversa
1631 1781 1720 1806 esset
1755 1773 1922 1807 omnibus

1245 1828 1368 1869 facies,
1396 1827 1456 1874 qui
1481 1829 1591 1872 jactus
1614 1827 1706 1860 inter
1731 1839 1809 1868 eos,
1834 1838 1921 1872 quos

1244 1882 1400 1927 quinque
1411 1889 1445 1914 et
1456 1881 1594 1926 triginta
1606 1880 1809 1914 Eustathius
1821 1878 1924 1920 dixit,

1245 1935 1389 1968 ultimus
1403 1935 1669 1974 numerabatur;
1684 1941 1756 1966 tum
1769 1932 1850 1966 felix
1864 1932 1922 1966 ille

1245 2000 1362 2029 casus,
1385 1988 1444 2034 qui
1464 1987 1613 2020 Veneris
1637 1986 1780 2019 nomine
1801 1997 1921 2019 cense-

1245 2042 1369 2082 batur,
1407 2040 1615 2085 affulgebat3
1651 2051 1759 2084 quum
1794 2050 1921 2084 nempe

1246 2106 1338 2128 unus
1353 2093 1438 2127 talus
1454 2105 1575 2126 canem
1589 2118 1597 2133 ‚
1614 2092 1700 2125 alter
1716 2091 1920 2132 ternarium,

1246 2147 1368 2180 tertius
1393 2145 1669 2192 quaternarium,
1699 2153 1841 2190 quartus
1869 2157 1923 2177 se-

1246 2200 1449 2233 nionem.....
1472 2216 1484 2228 »2
1513 2198 1603 2232 Hinc
1629 2199 1719 2232 clara
1745 2206 1796 2231 est
1818 2197 1921 2243 hujus

1246 2252 1385 2286 distichi
1405 2252 1587 2285 sententia.

1302 2318 1333 2338 2.
1360 2305 1503 2338 Munera.
1524 2305 1699 2338 vincebat
1722 2302 1816 2338 enim
1830 2327 1840 2344 ‚
1860 2303 1919 2348 qui

1248 2360 1424 2392 Venerem
1441 2360 1578 2403 jecerat.
