1901 3259
208 234 324 310 M.
371 232 631 310 VAL.
695 230 1399 312 MARTIALIS

134 437 1478 554 EPIGRAMMATUM

552 678 844 742 LIBER
902 678 1065 744 XII.

774 861 1140 882 (ἰωῇ--

172 1031 223 1059 M.
262 1030 372 1058 VAL.
412 1028 738 1057 MARTIALIS
777 1028 985 1058 PRISCO
1025 1031 1131 1061 SUO
1171 1033 1453 1067 SALUTEM.

105 1126 282 1205 Selo¹
315 1172 385 1200 me
410 1156 702 1216 patrocinium
739 1155 898 1200 debere
931 1161 1321 1206 contumacissimae
1349 1165 1522 1209 triennii

104 1227 310 1272 desidiae:
343 1225 453 1287 quae²
491 1225 758 1270 absolvenda
794 1244 884 1271 non
920 1238 1033 1272 esset
1066 1230 1180 1274 inter
1216 1231 1309 1278 illas
1347 1252 1523 1298 quoque

105 1299 414 1359 occupationes
451 1297 654 1353 urbicas,
695 1297 853 1358 quibus
893 1297 1060 1344 facilius
1101 1306 1436 1364 consequimur,
1474 1318 1524 1352 ut

104 1368 276 1413 molesti
310 1370 455 1429 potius
492 1384 623 1429 quam
655 1368 840 1412 officiosi
879 1386 970 1414 esse
996 1371 1255 1428 videamur3
1284 1377 1445 1421 nedum
1479 1380 1523 1422 in

104 1440 188 1484 hac
219 1438 475 1501 provinciali
508 1438 766 1496 solitudine,
795 1440 870 1483 ubi
895 1432 995 1485 nisi3
1022 1444 1151 1487 etiam
1182 1446 1526 1509 intemperanter

107 1510 356 1567 studemus,
386 1520 429 1554 et
452 1510 541 1554 sine
568 1509 744 1567 solatio,
771 1520 815 1555 et
840 1512 930 1556 51116
953 1515 1232 1560 excusatione
1254 1520 1522 1564 secessimus.

105 1582 266 1643 Accipe
293 1598 398 1642 ergo
428 1582 666 1638 rationem3
697 1582 740 1649 in
769 1598 854 1643 qua
882 1583 967 1627 hoc
992 1586 1232 1630 maximum
1263 1599 1307 1633 et
1330 1591 1523 1651 primum

107 1662 196 1709 est,
228 1651 346 1713 quod
372 1653 556 1696 civitatis
582 1652 742 1709 aures⁴‚
767 1653 925 1714 quibus
950 1671 1250 1714 assueveram‚
1281 1677 1453 1721 quaero,
1482 1672 1525 1706 et

107 1723 260 1767 videor
291 1722 399 1767 mihi
433 1723 477 1766 in
505 1722 646 1767 alieno
681 1723 777 1768 foro
812 1723 993 1786 litigare.
1031 1728 1076 1771 Si
1107 1728 1211 1788 quid
1242 1740 1307 1774 est
1337 1732 1452 1776 enim
1478 1733 1522 1776 in

108 1792 260 1838 libellis
291 1793 423 1848 meis,
452 1793 571 1854 quod
599 1792 795 1854 placeat,
825 1795 1005 1840 dictavit
1036 1789 1242 1842 auditor⁵.
1275 1799 1401 1845 Illam
1415 1803 1526 1863 judi-

110 1865 279 1908 ciorum
310 1861 593 1908 subtilitatem
613 1900 624 1920 ,
655 1863 762 1909 illud
786 1868 1067 1911 materiarum
1096 1869 1319 1930 ingenium
1337 1908 1349 1930 ‚
1375 1872 1524 1918 biblio-

110 1935 283 1989 thecas,
309 1934 504 1988 theatra,
529 1945 794 1991 conventus,
819 1937 861 1980 in
885 1937 1041 1997 quibus
1066 1940 1239 1985 studere
1263 1959 1307 1987 se
1325 1942 1523 2006 volupta-

169 2092 198 2114 1.
221 2080 319 2125 Spero
342 2080 378 2113 in
402 2080 606 2114 Beverland.
634 2081 712 2115 MS.
733 2103 784 2108 —-

110 2133 195 2167 Scio.
218 2133 285 2167 Per
304 2141 373 2166 tres
390 2146 499 2167 annos
516 2159 525 2175 ‚
549 2146 566 2166 a
589 2135 714 2179 quibus
736 2147 785 2168 se·

111 2195 258 2220 cesserat
272 2187 307 2219 111
319 2186 466 2232 patriam
477 2213 486 2229 ‚
499 2186 589 2220 nihil
603 2187 785 2232 scripserat

110 2239 279 2273 Martialis
308 2250 316 2272 z
346 2238 508 2273 diuturni
543 2252 627 2273 vero
658 2241 785 2274 silentii

110 2304 244 2326 caussas
257 2293 405 2338 explicat
423 2293 573 2326 Proculo
587 2292 785 2327 advenienti

111 2346 155 2378 ab
169 2346 257 2379 urbe
273 2347 382 2379 Roma
395 2346 431 2378 in
448 2346 649 2392 Hispaniam
661 2360 670 2389 ;
680 2355 714 2380 et
725 2360 786 2392 pe-

111 2399 201 2432 tenti
228 2398 475 2444 epigrammata
504 2400 691 2434 obsecutus
725 2408 784 2433 est.

112 2451 234 2496 Itaque
258 2451 388 2485 librum
417 2452 512 2485 hunc
537 2452 786 2486 duodecimum

111 2503 327 2550 paucissimis
357 2503 480 2538 diebus
506 2506 703 2552 composuit
720 2532 729 2547 ‚
754 2514 788 2539 et

113 2557 233 2590 Prisco
254 2569 317 2589 suo
336 2557 446 2591 amico
465 2558 604 2593 obtulit,

172 2622 190 2642 2
199 2635 206 2643 .
221 2609 302 2653 Quae
311 2610 508 2644 absolvenda.
526 2612 595 2646 Pro
606 2625 676 2657 quae
685 2612 789 2646 habet

118 2675 177 2708 quo
196 2661 271 2696 MS.
292 2662 513 2697 Beverlandi.

190 2733 280 2775 III.

900 2084 931 2116 3.
956 2084 1041 2118 Nisi.
1061 2085 1193 2119 Eodem
1217 2087 1336 2122 codice
1357 2103 1418 2123 non
1448 2094 1519 2125 nisi.

900 2139 933 2175 4.
955 2136 1100 2171 Ciuitatis
1117 2153 1218 2175 aures,
1241 2142 1376 2189 Nempe
1390 2143 1520 2188 politos

845 2187 1020 2223 auditores
1034 2190 1194 2226 desidero
1203 2219 1212 2235 ‚
1222 2196 1350 2240 quibus
1360 2197 1520 2242 placeant

843 2254 920 2275 mea
939 2255 1302 2281 carmlna:en1mvero
1323 2258 1447 2283 excitat
1463 2262 1521 2283 au·

845 2293 939 2328 ditor
958 2296 1124 2330 studium.

901 2349 934 2381 5.
957 2350 1120 2390 Auditor,
1143 2359 1208 2385 etc.
1235 2354 1266 2385 A
1297 2355 1396 2399 cujus
1420 2355 1517 2400 inge-

845 2401 1084 2446 ni0‚judicio‚
1099 2404 1310 2448 virtutibus,
1325 2407 1435 2447 vitiis,
1451 2420 1517 2442 nec

846 2467 919 2486 non
948 2456 990 2487 ab
1018 2457 1116 2490 urbis
1143 2459 1336 2503 magnificis
1364 2459 1519 2495 aedificiis

847 2506 1012 2554 ludisque
1029 2510 1115 2543 mihi
1130 2519 1203 2544 erat
1216 2524 1309 2556 seges
1323 2521 1357 2546 et
1374 2515 1519 2548 materia

847 2561 1133 2605 epigrammatum
1156 2578 1164 2601 ς
1200 2563 1307 2609 idque
1340 2565 1426 2599 citra
1460 2575 1519 2601 tae-

849 2612 968 2654 dium,
989 2615 1096 2648 immo
1117 2629 1198 2649 cum
1222 2629 1349 2651 venere
1370 2619 1519 2664 quadam

851 2674 884 2699 et
901 2665 1130 2702 delectatione
1144 2668 1261 2704 studii.

1302 2757 1316 2784 Ι
