2044 3292
488 214 548 260 58

870 218 930 260 M.
955 217 1094 260 VAL.
1136 216 1514 260 MARTIALIS

1095 370 1293 426 LXII.

629 528 696 556 AD
735 528 1032 557 SATURNUM
1073 529 1177 556 PRO
1216 528 1408 556 PRlSCO
1447 508 1762 556 TERENTlof

561 653 760 704 ANTJQ'UJ
788 668 864 695 rex
884 668 1042 712 magne
1066 649 1177 712 poli,
1200 649 1438 710 mundique
1459 652 1640 711 prioris,

627 723 718 766 Sub
739 739 827 783 quo
851 723 974 783 pigra
997 722 1143 782 quies,
1169 737 1249 765 nec
1273 720 1397 765 labor
1421 719 1536 765 ullus
1559 731 1674 774 erat,

567 793 653 836 Nec
682 792 827 854 regale
853 793 980 837 nimis
1012 791 1201 847 fulmen,
1227 808 1307 836 nec
1335 791 1517 837 fulmine
1545 791 1700 853 digna,

630 864 771 908 Scissa
799 879 880 908 nec
910 863 965 907 ad
996 864 1174 920 Manes,
1204 863 1280 907 sed
1312 864 1392 907 sita
1422 862 1543 907 dives
1575 862 1759 916 humus;

562 936 706 979 Laetus
731 934 786 978 ad
812 935 906 979 haec
931 933 1154 996 facilisque
1179 936 1277 978 veni
1301 933 1511 978 solemnia
1532 934 1667 979 Prisci

633 1006 828 1059 Gaudia,
850 1022 986 1067 quum
1009 1007 1140 1050 sacris
1165 1015 1208 1049 te
1233 1005 1360 1049 decet
1385 1021 1478 1049 esse
1504 1005 1600 1049 tuis.

559 1079 624 1120 Tu
654 1077 860 1121 reducem
890 1078 1041 1138 patriae
1067 1087 1211 1130 sexta,
1240 1086 1365 1137 pater
1390 1076 1578 1137 optime,
1602 1076 1757 1119 bruma

632 1147 806 1192 Pacifici
836 1149 960 1192 Latia
986 1147 1130 1192 reddis
1157 1148 1211 1191 ab
1240 1147 1349 1191 urbe
1371 1147 1539 1191 Numae.

570 1219 727 1263 Cernis
749 1229 798 1262 ut
817 1219 1013 1263 Ausonio
1034 1218 1182 1262 similis
1203 1219 1281 1262 tibi
1307 1234 1469 1279 pompa
1491 1216 1675 1261 macello

632 1290 847 1344 Pendeat,
881 1299 924 1333 et
953 1299 1141 1351 quantus
1167 1289 1410 1333 luxurietur
1439 1288 1609 1332 honos?

566 1361 711 1418 Quam
738 1378 826 1405 non
851 1377 984 1422 panca
1007 1376 1186 1416 manus,
1207 1357 1425 1421 largaeque
1451 1362 1713 1403 nomismata
1736 1375 1914 1408 mensae,

635 1433 769 1489 Quae,
793 1434 978 1476 Saturne
994 1468 1005 1485 ,
1031 1431 1107 1475 tibi
1136 1440 1502 1492 pernumerentur
1529 1428 1662 1491 opes?

545 1567 558 1580 ⁴¹
585 1573 703 1606 Prisco
733 1574 903 1606 Terentio
932 1581 1011 1618 post
1041 1585 1172 1605 annum

493 1634 629 1658 sextum
643 1650 652 1666 ‚
668 1627 743 1672 ipso
765 1626 951 1660 Decembri
969 1626 1005 1658 in
1023 1625 1171 1671 patriam

492 1679 697 1725 Hispaniam
717 1678 841 1713 reduci
861 1679 1005 1725 epulum
1024 1678 1173 1712 exstrui-

496 1741 573 1773 tur,
595 1731 639 1765 ad
660 1732 754 1778 quod
780 1733 885 1766 Poeta
907 1732 1099 1766 Saturnum
1119 1732 1172 1764 iu-

495 1786 601 1828 vitat;
621 1793 655 1818 et
673 1795 773 1832 rogat
786 1812 794 1827 ,
813 1795 853 1819 ut
871 1786 990 1819 Prisco
1009 1798 1099 1831 saepe
1118 1798 1174 1818 re-

496 1848 596 1872 vocet
613 1839 808 1872 Saturnalia
821 1866 830 1882 ,
846 1838 978 1884 diuque
995 1839 1045 1871 illi
1063 1851 1173 1872 aevum

498 1901 674 1938 proroget.
686 1893 806 1925 Rader.

554 1958 566 1978 1
577 1973 584 1980 .
599 1946 750 1993 Antiqui,
766 1954 832 1979 etc.
844 1945 1011 1986 Saturne,
1024 1946 1088 1978 sub
1103 1957 1175 1990 quo

496 2012 598 2032 aurea
622 2000 678 2032 illa
701 2008 800 2037 aetas,
822 2011 961 2037 secura,
984 1999 1152 2031 innocens
1166 2026 1174 2037 ,

497 2052 636 2098 quieta,
661 2059 727 2086 etc.
751 2053 795 2084 Et
821 2052 959 2097 Antiqui
978 2051 1050 2096 poli
1076 2063 1178 2095 regem

497 2106 647 2151 appellat
663 2105 854 2138 Saturnum
867 2129 877 2145 ,
892 2103 988 2150 quod
1005 2104 1178 2137 Saturnus

497 2167 578 2192 ante
600 2159 725 2192 Jovem
752 2159 835 2192 caelo
858 2157 1114 2203 imperitaverit
1128 2183 1137 2197 ,
1161 2170 1177 2189 a

497 2213 585 2246 Jove
607 2211 681 2245 filio
698 2220 817 2257 postea
842 2219 984 2245 exsutus
1004 2210 1154 2255 imperio
1169 2237 1177 2251 ‚

501 2274 534 2299 et
553 2264 770 2299 deturbatus.

557 2332 573 2352 2
582 2345 589 2352 .
601 2318 718 2352 Somno
733 2331 800 2364 pro
811 2318 877 2351 Sub
887 2331 948 2363 quo
958 2315 1037 2350 cod.
1055 2317 1177 2350 Bever-

500 2370 595 2406 land.
612 2393 664 2398 -——
679 2372 782 2416 Pigra
795 2374 891 2417 quies.
906 2371 1062 2403 Aureum
1076 2370 1178 2415 quip-

501 2439 544 2472 pe
568 2424 707 2459 Saturni
731 2424 895 2458 saeculum
918 2423 1023 2457 fuisse
1051 2431 1179 2456 canunt

503 2486 627 2524 poetae.

555 2532 590 2565 3.
618 2533 722 2576 Digni
745 2531 851 2564 Palat.
882 2551 929 2556 --
960 2530 1026 2562 Nec
1044 2530 1181 2571 fulmine

500 2585 611 2630 digna.
635 2584 769 2618 scelera
790 2583 882 2618 euim
903 2591 988 2616 tunc
1009 2595 1078 2615 non
1101 2595 1179 2627 per-

502 2638 730 2682 petrabantur
738 2636 843 2682 digna
851 2635 997 2670 fulmine
1007 2649 1015 2677 ;
1026 2634 1177 2668 necdum

1234 1581 1332 1605 eraut
1348 1585 1431 1617 opes
1452 1580 1600 1616 repertae
1613 1597 1622 1612 ,
1641 1569 1703 1604 sed
1720 1571 1755 1603 in
1775 1571 1916 1604 visceri·

1233 1627 1297 1658 hus
1325 1633 1426 1658 terrae
1453 1637 1575 1657 aurum
1600 1632 1705 1669 atque
1733 1632 1914 1669 argentum

1235 1687 1335 1712 erant
1355 1676 1546 1711 recondita.

1290 1736 1322 1772 4.
1347 1731 1467 1770 Scissa,
1491 1739 1555 1764 etc.
1579 1729 1633 1763 Ad
1655 1729 1850 1763 eruendum
1876 1742 1915 1762 ex

1235 1783 1429 1818 visceribus
1459 1792 1561 1817 terrae
1588 1784 1728 1829 imaque
1758 1783 1916 1816 Manium

1234 1837 1314 1871 sede
1336 1855 1348 1867 α
1376 1837 1507 1870 ferrum
1538 1835 1703 1882 ferroque
1734 1836 1917 1870 nocentius

1234 1903 1398 1925 aurum».
1411 1890 1516 1923 Ovid.
1533 1890 1678 1923 Metam.
1697 1889 1758 1922 lib.
1776 1889 1813 1930 I,
1830 1902 1843 1922 1
1855 1893 1915 1928 41.

1291 1957 1324 1989 7.
1363 1945 1412 1976 Tu
1450 1944 1590 1976 reducem
1620 1945 1750 1988 patriae.
1783 1942 1918 1988 Nempe

1237 2006 1315 2043 post
1329 1997 1539 2031 sexennium
1549 2023 1558 2038 ,
1575 2008 1694 2029 mense
1709 1995 1897 2029 Decembri
1912 2022 1920 2035 ,

1236 2052 1278 2085 ab
1295 2051 1383 2084 urhe
1400 2051 1512 2083 Roma
1528 2049 1562 2082 in
1582 2049 1787 2095 Hispaniam
1803 2060 1920 2082 rever-

1237 2117 1293 2137 sus
1307 2111 1356 2137 cst
1373 2103 1527 2136 Priscus.

1292 2158 1326 2191 8.
1346 2154 1477 2201 Pacifici
1491 2156 1620 2189 Numoe.
1633 2155 1704 2197 Qui
1720 2155 1816 2188 nulla
1829 2154 1918 2188 bella

1237 2210 1359 2255 gessit,
1388 2208 1448 2242 sed
1476 2217 1590 2242 totum
1614 2221 1649 2242 se
1677 2208 1920 2254 populumque

1238 2262 1466 2308 religionibus
1488 2261 1586 2296 dedit
1607 2270 1641 2295 et
1662 2260 1865 2295 obstrinxit.

1292 2331 1326 2360 ς).
1357 2317 1491 2361 Pompa.
1522 2315 1599 2348 Hoc
1630 2322 1702 2354 est,
1731 2321 1920 2360 apparatus

1239 2370 1350 2403 carnis
1383 2377 1498 2401 tantus
1532 2376 1583 2401 est
1614 2367 1651 2400 in
1678 2367 1846 2413 Hispania
1877 2366 1918 2400 ad

1239 2420 1448 2457 celebranda
1471 2420 1664 2455 Saturnalia
1680 2446 1689 2462 ‚
1713 2427 1864 2467 quantus
1885 2420 1919 2452 in

1239 2477 1361 2510 Romae
1383 2474 1492 2520 ipsius
1512 2473 1698 2507 moenibus.

1299 2541 1311 2561 1
1326 2541 1354 2562 1.
1379 2528 1504 2571 Quanti
1530 2540 1597 2572 pro
1627 2527 1733 2572 Quam
1758 2538 1819 2558 non
1845 2524 1920 2558 MS.

1240 2582 1375 2616 Beverl.
1387 2602 1438 2608 —-
1450 2582 1626 2626 Lazgoeque
1636 2582 1833 2612 nomismata.
1847 2578 1921 2610 Hoc

1241 2644 1290 2668 eat
1304 2662 1311 2676 ‚
1333 2647 1435 2679 quam
1455 2634 1562 2667 multa
1580 2632 1725 2679 pecunia
1746 2629 1921 2676 impenda-
