2044 3292
530 268 545 297 ι
562 251 627 312 96
902 252 961 294 M.
989 252 1066 294 VA
1080 253 1127 294 L.

1164 251 1556 294 MARTIALIS

1149 392 1294 447 LVI.

972 528 1489 575 1)ENT1FRICIUM.*

659 676 789 729 Qum
811 687 984 714 mecum
1007 680 1072 714 est
1090 669 1198 713 tibi?
1219 686 1288 714 me
1308 669 1452 731 puella
1474 680 1629 714 sumat.

660 745 842 802 Emptos
867 757 955 784 non
979 739 1097 785 soleo
1119 739 1257 803 polire
1277 740 1440 785 dentes.

570 882 583 893 '
604 885 826 927 Dentifricium
859 883 903 915 ad
929 882 1106 914 edentulam
1138 881 1193 915 ed.

518 938 620 972 Burb.

575 1000 586 1021 1
598 1018 606 1024 .
625 990 716 1035 Quid
729 1001 855 1022 mecum.
876 987 1126 1021 DentifrIcium
1148 989 1195 1022 al-

513 1044 672 1090 loquitur
695 1055 801 1076 anum
827 1042 999 1087 aliquam,
1026 1053 1104 1086 quae
1132 1041 1194 1074 ha·

514 1098 619 1130 hebat
637 1095 758 1130 dentes
775 1094 972 1141 emptitios,
989 1095 1114 1140 quibus
1129 1106 1194 1140 po-

513 1149 642 1184 liendis
661 1161 734 1182 non
755 1148 927 1182 inservire
948 1160 1003 1188 se,
1022 1146 1081 1181 sed
1095 1147 1194 1193 puel-

514 1204 625 1237 larum
646 1201 813 1236 dentibus
832 1201 910 1235 usui
930 1213 1003 1234 esse
1019 1199 1104 1234 dicit
1123 1212 1130 1233 :
1152 1211 1193 1233 ex

512 1257 721 1290 caninorum
762 1267 846 1288 vero
879 1253 1041 1287 dentium
1075 1253 1193 1286 cinere

511 1322 591 1343 cum
616 1309 719 1343 melle
741 1308 781 1341 fit
806 1307 1070 1347 dentifricium,
1095 1304 1192 1351 quod

513 1375 583 1396 non
601 1370 691 1403 erat,
706 1369 746 1394 ut
758 1360 935 1406 principio
953 1360 1098 1393 forsitan
1116 1370 1191 1392 cre-

516 1414 657 1457 didisti,
680 1415 972 1453 instrumentum,
994 1411 1055 1445 sed
1078 1410 1193 1444 medi-

515 1481 634 1501 camen
662 1466 704 1500 ad
726 1465 930 1511 levigandos
953 1473 985 1498 et
1007 1463 1192 1509 tergendos

512 1521 644 1554 dentes.
660 1520 863 1554 Samonicus
873 1518 917 1552 de
927 1517 1128 1551 dentifricio
1139 1517 1193 1550 his

515 1587 525 1605 x
536 1574 668 1607 ersibus
685 1573 776 1606 canit
796 1584 802 1605 :
817 1590 830 1602 ι
844 1570 949 1613 Quod
966 1583 1050 1604 vero
1067 1583 1194 1604 assum-

513 1627 579 1671 psit
599 1638 726 1660 nomen
747 1624 790 1658 de
809 1624 914 1658 dente
933 1622 1091 1657 fricando
1110 1624 1194 1658 Cer-

1255 882 1339 915 vino
1357 893 1400 915 ex
1418 893 1528 915 cornu
1547 882 1635 916 cinis
1656 890 1707 915 est
1725 891 1783 915 aut
1802 884 1931 929 ungula

1254 947 1371 980 porcae
1386 933 1538 969 Torrida
1543 961 1617 969 ......
1622 947 1693 968 non
1709 936 1786 969 sine
1803 936 1898 969 vino.
1914 957 1925 964 ,ι

1254 988 1409 1029 Plinius,
1437 987 1499 1021 lib.
1522 988 1699 1029 XXXVI,
1730 989 1844 1034 capite
1876 1001 1930 1022 ao.

1259 1041 1437 1074 «Arabum
1450 1041 1554 1087 lapis,
1572 1042 1670 1075 ebori
1686 1042 1808 1075 similis
1820 1068 1829 1082 ‚
1845 1041 1932 1075 den-

1254 1094 1390 1128 tifriciis
1409 1093 1692 1128 accommodatur
1711 1103 1894 1128 crematus.
1915 1112 1927 1124 u

1312 1159 1344 1180 2.
1367 1148 1515 1191 Emptos.
1545 1148 1708 1189 Quorum
1739 1146 1872 1181 candor
1899 1157 1932 1180 et

1254 1199 1374 1233 levitas
1404 1200 1515 1233 rarius
1549 1200 1769 1234 minuuntur.
1799 1200 1931 1234 Notum

1253 1265 1336 1285 vero
1351 1261 1401 1286 est
1415 1253 1457 1285 ab
1474 1251 1648 1286 edentulis
1662 1251 1783 1286 dentes
1797 1260 1932 1299 emptos

1251 1305 1357 1338 fuisse
1383 1313 1484 1344 tune,
1512 1318 1599 1351 quos
1621 1318 1686 1352 pro
1710 1318 1775 1339 usu
1800 1305 1931 1339 insere-

1251 1358 1348 1391 bant.
1361 1357 1444 1391 Vid.
1460 1359 1577 1400 lib.V,
1591 1359 1794 1405 epigramm.
1809 1371 1901 1392 xmu
1919 1372 1925 1390 :

1257 1428 1270 1440 ιι
1278 1411 1385 1444 Thais
1394 1411 1500 1445 habet
1512 1411 1642 1457 nigros,
1652 1412 1772 1445 niveos
1784 1411 1929 1444 Lecania

1253 1463 1375 1498 dentes
1389 1476 1397 1497 :
1415 1465 1503 1505 Quae
1515 1465 1603 1498 ratio
1620 1464 1696 1498 est?
1710 1472 1846 1510 emptos
1858 1464 1930 1497 haec

1252 1517 1357 1550 habet
1371 1542 1379 1552 ‚
1408 1517 1465 1549 illa
1500 1529 1594 1551 suos.
1615 1534 1628 1545 »
1656 1516 1722 1550 Adi
1749 1526 1783 1551 et
1807 1517 1886 1550 libri
1916 1518 1928 1548 1

1252 1570 1464 1616 epigramma
1477 1583 1603 1605 Lxxnt,
1619 1579 1654 1604 et
1671 1569 1751 1603 libri
1770 1571 1839 1603 XII
1856 1569 1927 1613 epi—

1252 1635 1405 1668 gramma
1424 1635 1488 1656 κη.

1126 1755 1311 1813 LVII.

986 1875 1450 1924 MYROBALANUM.*

579 2008 722 2062 QUOD
753 2021 833 2047 nec
860 2000 1090 2062 Virgilius,
1111 2016 1191 2044 nec
1214 2001 1406 2044 carmine
1431 1999 1540 2044 dixit
1563 2002 1802 2049 Homerus,

655 2078 748 2118 Hoc
779 2090 831 2117 ex
860 2081 1085 2132 unguento
1115 2080 1308 2125 constat,
1338 2080 1381 2114 et
1411 2087 1463 2114 ex
1491 2069 1662 2115 balano,

583 2187 676 2250 ὁ,
663 2197 718 2256 pf?
745 2198 789 2238 οὐ
819 2193 1053 2254 Βιργιλίοιο,
1080 2209 1148 2234 και
1172 2209 1244 2234 ουκ
1271 2192 1364 2242 ἔπος
1389 2189 1493 2234 εἶπεν
1517 2182 1709 2252 ὑμῆρου,

653 2271 714 2310 Εκ.
735 2283 779 2309 τε
804 2267 928 2325 μύρου
950 2264 1092 2322 συνέφυ
1119 2268 1263 2315 τοῦτο,
1286 2261 1353 2305 καὶ
1377 2263 1421 2304 ἐκ
1443 2262 1633 2316 βαλάνου.

567 2386 848 2438 Myrobalanum.
862 2385 974 2430 Hujus
990 2383 1085 2417 vocis
1107 2383 1186 2429 plu-

511 2458 562 2479 res
576 2444 717 2490 syllabae
728 2442 853 2474 breves
865 2437 1011 2472 carmini
1021 2449 1094 2469 non
1107 2448 1187 2470 con-

509 2498 676 2537 veniunt,
695 2493 790 2528 unde
806 2505 870 2526 nec
891 2491 934 2525 ab
950 2491 1106 2523 Homero
1122 2501 1186 2522 nec

511 2565 529 2586 a
547 2549 715 2595 Virgilio,
728 2547 790 2594 qui
805 2543 1012 2579 hexametris
1027 2554 1089 2576 sua
1105 2542 1187 2576 scri-

511 2610 678 2651 pserunt,
711 2601 776 2634 fuit
813 2605 991 2643 usurpata.
1021 2595 1156 2629 Plinius
1176 2621 1186 2636 ,

509 2658 570 2690 lib.
592 2656 679 2696 XII,
694 2666 770 2699 cap.
793 2666 810 2686 2
822 2665 834 2685 ι
855 2663 863 2684 :
887 2649 1186 2697 Myrobalanum

509 2707 733 2753 'l‘roglodytis
745 2714 778 2739 et
790 2702 964 2739 Thebaidi
978 2711 1010 2737 et
1029 2702 1164 2736 Arabiae
1177 2727 1185 2742 ,

1246 2395 1322 2429 quae
1343 2384 1362 2416 J
1367 2382 1501 2418 udaeam
1519 2385 1562 2417 ab
1581 2387 1734 2431 AEgypto
1753 2383 1926 2419 distermi-

1246 2445 1326 2477 nat,
1357 2448 1496 2470 commu
1502 2450 1546 2471 ne
1572 2446 1643 2479 est,
1679 2450 1823 2472 nascens
1857 2451 1923 2471 un-

1246 2498 1396 2535 guento,
1426 2498 1465 2523 ut
1499 2491 1574 2537 ipso
1596 2491 1741 2525 nomine
1769 2499 1922 2543 apparet

1231 2542 1353 2593 ‘Quo
1344 2551 1428 2576 item
1442 2542 1616 2578 indicatur
1629 2553 1663 2578 et
1678 2540 1842 2590 glandem
1850 2556 1922 2578 esse

1245 2596 1380 2629 arboris
1387 2596 1633 2645 ‚heliotropio‚
1647 2610 1751 2643 quam
1763 2597 1921 2631 dicemus

1245 2649 1336 2682 inter
1359 2649 1507 2691 herhas,
1532 2651 1636 2683 simili
1655 2650 1764 2684 folio:
1787 2650 1919 2684 fructus

1246 2701 1485 2747 magnitudine
1512 2703 1674 2736 avellanae
1695 2703 1803 2737 nucis.
1827 2723 1838 2733 ..
