1901 3259
308 270 896 314 EPIGRAMMATUM
934 270 1058 312 LIB.
1096 270 1248 311 XIII.

1415 283 1477 328 97

700 421 849 477 XII.

394 573 759 603 FRUMENTUM
807 553 1170 603 ΤΒΙΤΠΪᾸΞΙΙΜ.ιιι

146 700 438 743 TERCENTUM
463 698 615 758 Libyci
638 697 808 742 modios
832 697 886 741 de
916 713 1056 742 messe
1087 696 1229 741 coloni

217 770 349 813 Sume
364 804 375 824 ,
400 768 675 812 suburbanus
702 784 757 811 ne
782 769 994 812 moriatur
1022 784 1138 829 ager.

149 894 248 947 Δέξο
276 896 523 957 τριακοσίους
553 892 743 939 Λιὲύκοι’
773 897 843 939 ἀπ’
874 894 1010 957 ἅγροιο
1038 891 1278 955 μεδίμνους,

217 963 335 1020 Δέξο,
363 965 444 1026 φίλ’
471 957 634 1009 Ῐταλικὴ
661 969 717 1025 μή
741 967 835 1009 ποτ’
856 965 1004 1026 ἄρουρα
1031 967 1152 1009 θάνω.

127 1089 142 1104 '
155 1094 360 1128 Frumentum
380 1094 545 1124 triticeum.
567 1091 751 1137 Optimum

74 1146 243 1182 frumenti
253 1158 362 1192 genus
375 1145 533 1178 triticum
541 1144 749 1178 habebatur.

75 1200 184 1247 Cujus
195 1198 239 1233 de
247 1207 370 1232 natura
379 1198 553 1242 variisque
563 1197 750 1243 generibus

72 1253 154 1287 vide
174 1253 302 1286 Joann.
318 1251 558 1297 Bruyerinum
575 1250 620 1284 de
640 1263 678 1283 re
701 1251 748 1283 ci-

73 1306 193 1348 baria,
207 1306 269 1339 lib.
289 1306 335 1346 V,
355 1317 431 1350 cap.
455 1316 468 1337 1
493 1312 528 1337 et
547 1317 579 1337 2.
594 1304 748 1338 Galenus

74 1359 383 1404 πολυχρησμότατον
408 1357 462 1391 καὶ
482 1357 748 1404 πολυχρηστότα-

75 1426 128 1446 τον
147 1412 310 1459 appellat.

132 1478 164 1499 1.
204 1466 396 1498 Tercentum.
434 1463 609 1497 Numerus
634 1470 748 1496 certus

75 1531 140 1564 pro
160 1519 312 1558 incerte,
329 1517 424 1563 quod
445 1530 543 1551 more
566 1525 749 1562 poetarum

74 1584 141 1617 pro
160 1583 285 1617 magna
302 1571 402 1616 copia
420 1571 578 1616 ponitur.
591 1569 647 1602 Sic
661 1581 748 1615 quo-

75 1637 143 1671 que
155 1626 290 1658 sexcenti
301 1651 310 1665 ,
326 1623 419 1669 apud
429 1624 570 1658 Graecos
583 1624 683 1668 μύριοι
694 1649 703 1665 ,
715 1631 749 1656 et

73 1678 192 1723 gallica
210 1678 330 1723 lingua
346 1679 460 1722 vingt,
479 1685 564 1716 cent,
589 1676 682 1708 mille.
698 1697 749 1701 ——

75 1731 271 1764 Numerum
290 1731 462 1764 incertum
479 1730 586 1775 vulgo
604 1728 748 1774 quidem

74 1784 132 1817 hic
153 1783 255 1816 innui
273 1782 424 1817 credunt
436 1808 445 1824 ,
461 1781 522 1816 sed
540 1783 659 1816 forsan
676 1794 749 1814 non

75 1835 272 1870 bene.Vide
283 1835 578 1869 infra—Modiam
596 1833 750 1875 Modius,

76 1902 146 1935 quo
176 1889 351 1929 triticum,
380 1887 556 1922 hordeum
574 1896 608 1920 et
630 1887 693 1920 alia
712 1886 750 1920 id

75 1955 183 1987 genus
200 1942 348 1975 Romani
365 1941 612 1981 metiebantur,
628 1939 698 1973 duo
716 1948 750 1973 et

75 1996 216 2041 triginta
239 1995 397 2028 heminas
429 1994 649 2035 continebat,
675 1993 748 2033 vel,

76 2047 173 2094 quod
181 2047 274 2081 idem
289 2056 339 2082 est
350 2071 359 2087 ‚
375 2047 550 2082 sexdecim
567 2045 748 2088 sextari053

76 2110 110 2135 et
129 2102 158 2135 si
176 2101 319 2135 Gallicis
338 2101 510 2134 mensuris
531 2100 750 2141 conferatur,

76 2153 169 2188 idem
188 2155 255 2188 erit
277 2166 314 2188 ac
331 2153 402 2194 432
419 2167 532 2199 pouces
545 2153 635 2186 cubes
656 2156 726 2197 296
740 2179 750 2194 ‚

74 2208 132 2240 vel
153 2209 173 2241 8
197 2208 281 2240 litres
303 2209 362 2242 82.
385 2207 549 2252 Quinque
571 2219 653 2240 vero
674 2218 750 2239 mo-

76 2259 152 2294 dios
170 2260 264 2294 soliti
276 2269 377 2294 erant
392 2272 598 2293 consumere
612 2286 621 2300 ,
643 2267 683 2292 ut
694 2261 749 2304 ju-

76 2325 196 2358 gerum
206 2326 319 2347 unum
331 2321 565 2347 consererent.
576 2311 665 2346 Inde
677 2324 750 2346 non

76 2366 253 2400 immerito
274 2366 436 2412 conjicias
452 2366 510 2400 hic
533 2367 584 2411 agi
603 2365 647 2399 de
668 2377 750 2411 agro

77 2419 252 2464 sexaginta
276 2421 496 2465 jugerorum,
526 2420 642 2466 itaque
677 2432 751 2457 non

77 2484 143 2517 pro
173 2471 306 2506 incerto
325 2484 475 2505 numero
506 2481 683 2506 tercentum.
698 2493 749 2498 —-

78 2524 199 2571 Libyci.
222 2525 333 2570 Libye
363 2538 488 2571 nempe
520 2538 669 2571 graecum
700 2534 750 2559 est

78 2589 207 2610 nomen
237 2590 306 2623 quo
347 2579 463 2612 Africa
493 2578 751 2625 designabatur,

78 2629 140 2663 sed
158 2643 228 2663 non
253 2643 293 2663 eo
314 2639 429 2664 tamen
447 2644 547 2665 sensu
561 2658 570 2672 ‚
591 2645 661 2678 quo
688 2645 751 2665 nos

150 2746 241 2787 III.

810 1091 916 1137 vulgo
946 1092 1193 1137 intelligimus,
1223 1091 1284 1126 sed
1314 1105 1384 1138 quo
1420 1095 1487 1126 Ro-

810 1145 906 1178 mani
933 1144 1086 1178 Africam
1121 1144 1298 1179 dioecesim
1326 1157 1334 1178 :
1369 1145 1486 1180 Africa

808 1210 892 1231 vero
921 1196 1076 1231 dioecesis
1102 1210 1175 1231 eam
1204 1206 1341 1232 tantum
1363 1199 1488 1232 Africae

807 1259 942 1296 partem
977 1252 1201 1290 continebat,
1233 1264 1309 1296 quae
1335 1264 1353 1284 a
1376 1252 1487 1296 Cyre-

807 1305 904 1337 naica
925 1304 1109 1350 Pentapoli
1132 1312 1166 1337 et
1186 1305 1321 1349 Syrtica
1341 1304 1487 1350 regione

807 1356 851 1391 ad
865 1357 1077 1391 Atlanticum
1091 1369 1186 1391 mare
1198 1356 1486 1403 protendebatur.

807 1412 923 1444 Immo
954 1411 1019 1444 tibi
1052 1410 1248 1444 notandum
1284 1419 1335 1444 est
1372 1410 1485 1444 videri

807 1465 971 1509 antiquos
994 1463 1104 1506 Asiae,
1126 1477 1199 1497 non
1220 1464 1348 1498 Africae
1367 1462 1487 1509 adjun-

807 1517 896 1550 xisse
924 1519 1139 1563 ,Egyptum3
1171 1526 1205 1551 et
1232 1516 1276 1550 de
1308 1517 1377 1551 hoc
1403 1516 1485 1550 vide

807 1570 958 1603 Sallustii
991 1571 1127 1604 Bellum
1161 1570 1367 1615 Jugurthin.
1409 1582 1482 1615 cap.

812 1625 870 1657 16.
884 1623 1002 1657 Africa
1015 1636 1098 1657 vero
1117 1624 1158 1657 iis
1176 1624 1405 1669 temporibus,
1419 1624 1484 1656 sub

807 1676 956 1721 imperio
986 1677 1144 1709 Romano
1177 1685 1210 1710 et
1236 1676 1483 1710 administran-

807 1728 932 1762 darum
944 1740 1062 1762 rerum
1073 1729 1292 1775 peritissimis
1304 1729 1388 1762 viris
1401 1753 1410 1771 ‚
1425 1729 1485 1761 tri-

807 1782 867 1815 tici
886 1782 1094 1816 feracissima
1118 1783 1204 1823 fuit,
1227 1790 1261 1815 et
1279 1789 1358 1828 post
1378 1784 1482 1826 AEgy—

806 1843 907 1880 ptum
944 1835 1103 1869 ubertate
1130 1835 1242 1880 prima
1276 1835 1479 1868 habebatur.

807 1888 928 1921 Horat.
947 1888 1011 1921 lib.
1027 1889 1062 1930 I,
1075 1887 1135 1922 od.
1154 1901 1168 1921 1
1185 1900 1192 1921 z
1213 1906 1226 1918 «
1241 1886 1425 1933 Quidquid
1438 1886 1482 1920 de

806 1940 948 1986 Libycis
962 1942 1114 1974 verritur
1127 1942 1227 1975 areis,
1237 1942 1345 1974 »Item
1360 1941 1481 1974 Senec.

807 1993 844 2026 in
867 1994 1011 2039 Thyest.
1027 1995 1130 2028 «Non
1148 1992 1323 2040 quidquid
1340 1994 1482 2039 Libycis

807 2046 887 2080 terit
922 2047 1073 2081 Fervens
1107 2060 1184 2081 area
1213 2047 1415 2081 messibus.»
1439 2047 1483 2079 Et

808 2100 882 2146 ipse
904 2101 1072 2134 Martialis
1085 2127 1094 2142 ,
1113 2101 1172 2134 lib.
1185 2101 1255 2142 VI,
1273 2100 1479 2145 epigramm.

809 2166 952 2195 LXXXVI,
971 2167 1022 2188 vs.
1042 2153 1060 2187 5
1080 2167 1087 2187 ;
1114 2172 1126 2184 ιι
1140 2152 1317 2187 Possideat
1333 2153 1482 2198 Libycas

808 2219 947 2248 messes,
957 2208 1181 2252 Hebrumque
1194 2208 1408 2252 Tagumque.
1419 2205 1482 2238 »Et

808 2260 855 2293 ob
876 2259 913 2293 id
937 2260 1041 2295 Ceres
1060 2261 1204 2305 Libyssa
1224 2260 1422 2300 nominata,
1445 2267 1481 2291 ut

807 2314 913 2347 refert
949 2314 1081 2347 Festus.

866 2380 895 2399 2.
922 2367 1126 2400 Suburbanus
1151 2380 1188 2399 ne
1213 2370 1365 2399 moriatur·
1393 2378 1479 2409 ager.

810 2424 882 2452 Hoc
895 2429 944 2453 est
958 2446 967 2461 ,
985 2420 1144 2454 triticum
1158 2420 1232 2465 ipse
1247 2432 1336 2453 seras
1350 2419 1387 2451 in
1401 2430 1482 2463 agro

807 2474 1027 2515 suburbano,
1046 2485 1090 2506 ne
1109 2472 1316 2507 sterilescat:
1339 2471 1395 2504 vel
1414 2483 1483 2516 quo

808 2526 918 2560 alatur
931 2527 1025 2560 Urbs
1037 2527 1168 2571 alioqui
1182 2526 1337 2571 peritura
1352 2525 1397 2557 ob
1413 2524 1485 2569 agri

809 2579 1003 2613 suburbani
1027 2580 1258 2619 sterilitatem,
1285 2590 1345 2614 seu
1374 2577 1484 2611 conti-

811 2645 879 2665 nua
905 2633 1042 2665 cultura
1061 2631 1177 2665 effoeti.
