2044 3292
531 205 626 256 ἨΔ

907 206 968 248 Μ.
990 207 1130 249 VAL.
1171 207 1556 252 MARTIALIS

1037 355 1430 414 LXXXVII.

1083 494 1384 543 s‘r1BAD1A.'‘

599 625 768 667 Aecum
794 622 942 666 lunata
964 625 1173 684 scriptum
1196 622 1413 667 testudine
1434 624 1596 684 sigma3

665 695 781 737 Octo
809 694 926 754 capit
947 709 955 736 :
981 694 1148 747 veniat,
1168 694 1361 754 quisquis
1385 694 1551 738 amicus
1575 695 1668 738 erit.

625 819 725 874 ῖγμα
745 809 966 865 σεληνῶδες
990 816 1220 875 καμάρωμα
1239 812 1348 859 λάθ’
1376 810 1577 877 ὀγδοάδος
1604 817 1674 876 μὲν

668 885 860 928 Δεκτικόν
889 887 985 935 ἐςιν·
1011 884 1127 928 ἵκοιθ’
1153 888 1238 936 ὅςις
1263 887 1394 930 ἔσοιτο
1424 886 1552 947 φίλος.

579 1003 594 1017 *
606 1002 777 1038 Στιὲείὸιον
790 1005 926 1038 torulus
938 1012 988 1037 est
1002 1016 1020 1037 e
1030 1004 1184 1049 gramine
1195 1029 1203 1043 ‚

525 1058 642 1091 herbis
654 1084 663 1100 ,
680 1057 868 1092 frondibus
880 1083 889 1099 ‚
909 1070 968 1091 seu
985 1056 1130 1090 floribus
1141 1057 1202 1090 sti-

525 1119 647 1157 patus;
667 1124 685 1144 a
705 1110 838 1145 στείῧω.

584 1177 615 1198 1.
638 1164 771 1210 Signum
797 1163 877 1198 edd.
901 1172 983 1198 vett.
1007 1183 1059 1189 —
1078 1164 1204 1196 Limata

524 1220 644 1262 sigma,
672 1215 736 1252 etc.
764 1218 952 1263 Postquam
981 1217 1134 1251 triclinia
1161 1217 1203 1249 ab

525 1282 591 1303 usu
616 1280 852 1312 recesserunt,
874 1278 907 1303 et
932 1283 997 1316 pro
1023 1270 1204 1312 tricliniis,

528 1324 673 1357 accubita
712 1332 746 1358 et
777 1323 916 1357 stibadia
941 1322 1011 1357 dici
1047 1335 1203 1368 coepere,

525 1388 565 1410 ea
591 1377 741 1411 Stibadia
769 1378 805 1410 in
830 1376 965 1410 deliciis
989 1377 1087 1409 fuere
1114 1388 1202 1421 quo·

526 1441 605 1462 rum
624 1430 737 1476 figura
755 1430 1024 1464 semicircularis
1042 1437 1132 1470 erat,
1153 1437 1203 1462 at-

525 1494 593 1527 que
621 1483 705 1516 inde
733 1487 834 1528 sigma
860 1495 990 1516 nomen
1025 1483 1204 1515 invenere.

526 1534 609 1569 Haec
637 1536 780 1581 quidem
802 1537 1008 1576 Athenaeus,
1029 1536 1203 1581 Dipnoso·

524 1588 723 1633 phistarum
754 1590 815 1622 lib.
839 1590 888 1626 X,
919 1589 1012 1622 arcui
1036 1589 1202 1633 Scythico

526 1651 705 1687 comparat
726 1640 898 1688 (Σκυθικῷ
927 1643 1007 1687 τόξῳ
1035 1642 1136 1687 τρίτον
1163 1639 1198 1677 ἦν

525 1697 744 1741 προσεμφερές
760 1693 784 1735 ).
810 1696 999 1729 Enimvero
1021 1695 1069 1728 sic
1093 1703 1202 1728 totam

526 1761 681 1782 mensam
712 1762 784 1782 non
819 1747 1109 1788 circumdabant,
1141 1746 1203 1781 sed

526 1801 676 1846 spatium
701 1802 738 1834 in
769 1814 808 1835 ea
830 1810 929 1847 parte
960 1801 1205 1846 relinquebant

527 1866 594 1899 qua
624 1855 773 1889 circulus
804 1853 1009 1894 deficiebat,
1038 1853 1083 1887 ad
1114 1854 1203 1886 infc-

524 1907 633 1941 renda
652 1908 781 1941 fercula
793 1933 802 1948 ,
819 1908 969 1953 patinas,
987 1915 1052 1940 etc.
1065 1907 1114 1939 Ex
1133 1919 1204 1951 quo

526 1969 622 2007 patet
633 1960 751 2006 quoad
765 1961 912 1994 formam
926 1960 1008 1994 tales
1021 1960 1131 2002 lectos
1147 1960 1206 1993 ali·

528 2026 633 2059 quam
657 2013 923 2047 similitudinem
944 2025 1023 2046 cum
1050 2013 1091 2046 iis
1106 2025 1204 2045 men-

528 2066 573 2100 sis
586 2067 748 2100 habuisse
761 2079 839 2112 quae
852 2079 916 2099 nos
930 2065 1036 2098 hodie
1050 2066 1204 2111 appella-

526 2132 603 2153 mus
621 2121 722 2163 enfer
736 2121 756 2152 ὰ
774 2120 898 2159 clzeval,
918 2119 984 2152 hoc
1004 2126 1120 2152 tamen
1133 2117 1203 2151 dis-

525 2181 705 2218 crepantes
733 2171 829 2217 quod
853 2172 982 2217 quibus
1009 2170 1116 2203 hodie
1143 2183 1203 2215 pa-

527 2225 609 2259 tinae
645 2226 825 2265 feruntur,
852 2225 916 2257 illis
946 2224 1201 2257 recumberent.

530 2279 715 2320 Triclc'm'um
727 2291 809 2323 ergo
820 2270 918 2310 erant
930 2285 998 2310 tres
1011 2276 1089 2309 lecti
1099 2275 1202 2309 divisi

526 2339 560 2365 et
578 2332 726 2377 separati
745 2343 752 2364 :
776 2329 888 2374 Sigma
907 2342 989 2362 vero
1010 2341 1102 2362 unus
1123 2342 1202 2374 per-

525 2382 653 2430 petuus
666 2385 774 2418 lectus
786 2410 796 2425 ‚
811 2381 1071 2417 semirotundus
1085 2408 1093 2422 ‚
1106 2380 1202 2427 quod

523 2445 558 2471 et
584 2437 754 2471 stibadium
787 2445 821 2470 et
854 2436 1027 2468 accubitum
1069 2434 1200 2468 dixere.

530 2491 715 2524 Triclinium
736 2489 899 2522 omnibus
917 2489 1044 2522 mensis
1065 2496 1201 2533 poterat

526 2544 714 2577 convenire
733 2556 740 2577 :
758 2545 860 2587 sigma
876 2542 929 2575 vel
945 2541 1113 2574 stibadium
1130 2554 1199 2573 non

526 2606 609 2629 item
636 2608 643 2629 ε
667 2608 729 2629 nec
749 2596 842 2629 enim
865 2595 982 2628 minus
1002 2595 1108 2640 sigma
1129 2607 1200 2627 ma-

528 2651 591 2693 ,ori
633 2662 756 2682 mensae
770 2676 777 2689 ,
817 2662 883 2682 nec
922 2649 1031 2693 majus
1070 2647 1198 2680 minori

526 2703 677 2746 coaptari
700 2710 846 2747 poterat.
869 2700 1070 2735 Secundum
1094 2700 1199 2745 igitur

1263 1017 1462 1039 mensarum
1482 1003 1762 1049 magnitudinem
1782 1017 1940 1050 quaeren-

1262 1057 1306 1091 da
1322 1066 1422 1091 erant
1439 1069 1542 1102 parva
1560 1067 1618 1091 aut
1631 1070 1755 1103 magna
1773 1057 1920 1091 stibadia
1933 1084 1941 1097 ,

1261 1123 1338 1157 quae
1365 1124 1382 1143 a
1403 1122 1550 1143 numero
1575 1110 1823 1150 convivarum,
1851 1123 1940 1156 quos

1261 1163 1446 1209 capiebant
1471 1163 1677 1197 dicebantur
1690 1163 1744 1196 vel
1758 1164 1938 1203 (mm-lina,

1262 1229 1370 1262 quum
1386 1225 1466 1250 octo
1482 1225 1666 1261 caperent;
1686 1216 1740 1248 v‹=l
1763 1216 1941 1260 lwptaclina

1262 1282 1370 1315 quum
1398 1278 1528 1314 septem
1543 1295 1552 1310 ‚
1577 1269 1631 1302 vel
1649 1269 1815 1301 Ιιωαείὶηα
1832 1281 1939 1314 quum

1262 1335 1339 1361 sex,
1361 1330 1394 1355 et
1421 1323 1467 1355 ita
1491 1321 1534 1355 de
1561 1322 1694 1356 caeteris
1713 1334 1721 1355 :
1742 1321 1825 1355 hinc
1850 1322 1941 1355 Mar-

1263 1375 1353 1409 tialis
1366 1401 1374 1416 ,
1392 1375 1453 1408 lib.
1478 1376 1527 1407 [X
1541 1401 1550 1415 ‚
1569 1375 1677 1420 epigr.
1698 1388 1739 1407 Lx
1758 1387 1766 1407 :
1790 1392 1803 1404 n
1823 1375 1867 1407 Et
1889 1383 1940 1408 te-

1262 1428 1463 1462 studineum
1486 1440 1623 1461 mensus
1647 1437 1771 1473 quater
1792 1428 1940 1461 hexacli-

1264 1495 1335 1514 non
1348 1507 1357 1522 ‚
1369 1490 1433 1515 etc.
1444 1480 1704 1514 „salmam—lta
1721 1494 1861 1526 quoque
1878 1481 1938 1513 lib.

1263 1535 1294 1568 X
1307 1561 1316 1576 ‚
1332 1535 1440 1580 epigr.
1457 1546 1571 1567 x1.v11¹
1583 1559 1592 1575 ‚
1607 1547 1639 1566 v.
1659 1537 1693 1567 6.
1715 1534 1860 1574 ‹Stella‚
1874 1534 1942 1566 Ne-

1262 1600 1327 1632 pos
1339 1613 1348 1629 ,
1365 1587 1451 1621 Cani
1464 1613 1472 1627 ‚
1491 1587 1640 1620 Cerealis
1651 1613 1660 1628 ,
1681 1587 1803 1619 Flacce
1815 1612 1824 1628 ,
1841 1587 1939 1619 veni-

1240 1651 1248 1659 ”
1262 1641 1305 1674 tis
1316 1640 1330 1672 Ξ)
1341 1640 1482 1685 Septem
1497 1640 1603 1684 sigma
1617 1640 1709 1684 capit
1719 1653 1727 1681 ;
1739 1652 1796 1673 sex
1810 1652 1940 1680 sumus,

1262 1692 1351 1728 adde
1365 1694 1503 1738 Lupum
1509 1710 1612 1726 ......
1621 1691 1870 1725 Annotandum
1890 1701 1940 1725 ta-

1262 1760 1341 1780 men
1354 1758 1537 1792 perperam
1552 1745 1657 1778 modo
1671 1745 1878 1779 Salmasium
1890 1744 1942 1778 di-

1263 1800 1351 1833 xisse
1364 1802 1451 1832 etita
1462 1799 1500 1831 de
1512 1802 1730 1838 ceteris;11am
1742 1798 1819 1844 plus
1833 1811 1939 1844 quam

1262 1862 1342 1887 octo
1359 1857 1392 1885 in
1410 1851 1609 1886 vastissimis
1625 1860 1657 1884 et
1672 1851 1882 1897 longissimis
1899 1851 1941 1884 si-

1261 1906 1438 1951 gmatibus
1453 1918 1521 1938 una
1543 1904 1745 1938 accubulsse
1766 1916 1939 1949 nusquam

1262 1959 1351 2004 lego.
1380 1959 1495 1992 Immo
1524 1956 1618 1992 haud
1641 1956 1785 1991 difficile
1815 1957 1940 2002 aliquis

1263 2012 1348 2046 mihi
1372 2012 1581 2057 persuaserit
1598 2011 1757 2044 futurum
1776 2010 1881 2043 fuisse
1901 2018 1939 2042 ut

1262 2077 1358 2098 nono
1377 2065 1532 2098 convivae
1550 2064 1587 2096 in
1605 2063 1658 2096 his
1679 2063 1774 2096 locus
1794 2075 1864 2095 non
1883 2075 1941 2108 pa-

1263 2125 1362 2150 teret.
1378 2115 1602 2162 Lampridius
1621 2114 1665 2148 de
1685 2115 1910 2160 Heliogabalo
1929 2128 1937 2148 :

1266 2170 1441 2210 «Habui‘t‚
1457 2169 1589 2214 inquit,
1605 2168 1696 2202 hanc
1711 2168 1938 2202 consuetudi-

1261 2235 1341 2255 nem
1360 2231 1399 2255 ut
1417 2230 1496 2255 octo
1515 2222 1629 2255 calvos
1651 2229 1792 2266 rogaret
1809 2220 1854 2254 ad
1870 2234 1937 2254 coe-

1260 2288 1342 2308 nam
1353 2301 1361 2316 ,
1376 2275 1457 2308 item
1469 2283 1549 2308 octo
1567 2274 1680 2307 luscos
1692 2300 1701 2315 ‚
1716 2283 1749 2307 et
1763 2274 1846 2307 item
1858 2282 1938 2308 octo

1262 2327 1496 2373 pudagrosos,
1518 2336 1597 2360 octo
1617 2325 1758 2365 surdos,
1782 2335 1863 2360 octo
1882 2327 1937 2360 ni-

1260 2393 1338 2426 gros
1351 2407 1360 2421 ‚
1380 2389 1459 2413 octo
1478 2381 1602 2426 longos
1620 2389 1651 2413 et
1673 2388 1753 2413 octo
1769 2379 1916 2426 pingues
1928 2405 1937 2420 ‚

1259 2446 1367 2479 quum
1391 2433 1467 2479 capi
1492 2433 1684 2479 nequirent
1702 2445 1775 2465 uno
1794 2433 1939 2478 sigmate

1260 2495 1300 2520 ut
1320 2486 1364 2519 de
1383 2486 1436 2520 his
1455 2486 1618 2519 omnibus
1636 2486 1727 2519 risus
1741 2485 1873 2519 citaret.
1887 2506 1939 2511 —-

1260 2539 1415 2585 Scriptum
1431 2540 1595 2572 testudine.
1607 2537 1647 2572 Id
1663 2547 1730 2580 cst,
1745 2538 1917 2572 variatum
1928 2564 1937 2579 ,

1260 2592 1404 2637 pictum.
1440 2592 1535 2626 Idem
1563 2593 1690 2626 Noster
1713 2603 1722 2624 ε
1745 2591 1886 2636 Scriptus
1907 2598 1938 2623 et

1260 2654 1377 2678 ‹etet-uo
1411 2659 1490 2678 nunc
1524 2648 1658 2691 primum
1691 2644 1817 2690 Jupiter
1847 2656 1935 2676 auro.

1260 2699 1473 2733 Gronovius.
