2044 3292
499 228 596 256 200
878 215 1100 257 MVAL.
1142 215 1528 257 MARTIALIS

1107 364 1301 420 LXII.

894 519 1155 548 LATERNA
1198 521 1262 547 Ex
1304 519 1521 548 VESICA.

569 645 764 689 Comum
791 646 824 688 si
852 660 939 688 non
966 661 1083 700 sum,
1107 644 1319 705 numquid
1342 661 1436 688 sum
1462 644 1652 689 fuscior?
1675 655 1750 689 aut
1771 661 1839 689 mc

638 715 863 768 vesicam,
885 724 1037 759 eontra
1062 716 1136 775 qui
1160 716 1302 771 venit,
1323 731 1416 760 csse
1440 714 1595 776 putat?

569 854 617 896 Ei
645 857 699 913 μὴ
729 856 773 898 ἐκ
794 858 972 915 κεράτων
989 890 999 904 ‚
1026 860 1109 914 μῶν
1136 855 1214 914 εἰμὶ
1240 856 1484 915 μελαντέρη;
1511 854 1534 902 ἢ
1568 855 1626 904 τίς

639 927 767 975 Κύςιν
792 927 1018 969 ὑπαντιόων
1039 924 1165 969 οἴεται
1186 925 1382 985 εἰσοράαν;

560 1076 590 1098 1.
610 1065 733 1099 Cornea
746 1068 774 1098 .ςί
789 1078 851 1098 non
866 1066 1087 1099 sum.Tame11
1101 1091 1110 1108 ,
1127 1066 1178 1098 in·
1238 1078 1272 1100 se
1300 1078 1372 1098 non
1404 1065 1519 1099 minus
1549 1077 1622 1099 esse
1653 1065 1779 1098 claram
1809 1075 1913 1110 quam

501 1118 596 1163 quit,
622 1130 719 1164 aeque
748 1118 923 1164 pellucitla
950 1118 1094 1161 videor,
1114 1131 1178 1153 nec
1237 1131 1397 1153 corneam
1415 1141 1425 1157 ‚
1457 1131 1571 1164 neque
1591 1131 1609 1151 a
1631 1117 1916 1151 contraveniente

499 1171 686 1217 quisquam
711 1183 900 1206 occurrens
923 1184 978 1205 me
1003 1172 1178 1206 discernat
1238 1184 1401 1205 corneam
1426 1184 1444 1205 a
1469 1172 1582 1206 vesica
1606 1170 1788 1216 distingui.
1813 1186 1826 1198 ι»
1848 1169 1913 1203 Cui

500 1238 520 1259 a
537 1236 678 1258 cornea.
1238 1225 1419 1260 sententiae
1435 1237 1476 1258 eo
1492 1225 1659 1259 libentius
1671 1236 1735 1257 nos
1748 1223 1916 1267 suffraga-

558 1291 591 1311 2.
615 1279 712 1310 Patet
732 1277 810 1311 cod.
832 1278 869 1311 in
896 1291 1002 1324 marg.
1024 1277 1078 1313 ed.
1100 1278 1175 1311 Par.
1240 1291 1319 1312 mur
1339 1277 1433 1324 quod
1452 1280 1523 1324 jam
1543 1290 1649 1323 supra
1669 1275 1919 1310 animadverti-

507 1343 518 1364 1
531 1333 685 1375 617.--
700 1330 757 1364 Ad
774 1330 861 1364 illud
880 1332 1092 1377 epigramma
1113 1332 1180 1364 Ra·
1241 1344 1317 1364 mus
1345 1330 1505 1376 ἀμοιὲαἷα
1531 1331 1603 1364 fere
1629 1342 1764 1376 semper
1783 1343 1801 1362 a
1821 1329 1916 1361 Mar-

501 1382 606 1416 derus
624 1395 632 1417 :
653 1399 666 1411 «ι
684 1383 905 1417 Crediderim
923 1385 1070 1418 laternas
1088 1397 1106 1418 e
1121 1397 1179 1417 ve·
1242 1384 1322 1418 tiale
1362 1384 1538 1417 nominari
1576 1383 1727 1417 divitum
1759 1381 1850 1415 dona
1884 1389 1917 1413 et

503 1435 570 1470 sica
585 1449 780 1482 pauperum
792 1437 909 1480 fuisse,
923 1446 957 1470 et
973 1450 1117 1470 corneas
1131 1436 1182 1470 di·
1241 1450 1447 1483 pauperum.
1480 1436 1562 1470 Vid.
1591 1445 1709 1470 notata
1736 1434 1780 1469 ad
1814 1435 1919 1480 hujus

503 1490 636 1531 vitum3
657 1490 824 1534 gloriatur
845 1490 903 1523 hic
922 1490 1046 1523 Vesica
1067 1488 1181 1523 lucida
1242 1491 1323 1523 libri
1345 1491 1453 1535 epigr.
1476 1502 1581 1522 xmn.
1606 1490 1671 1522 En.

1101 1622 1332 1679 LXIII.

1089 1779 1344 1807 FlSTULA.

581 1908 708 1963 an
743 1923 808 1949 me
841 1915 1114 1965 compactam
1147 1906 1256 1948 ceris
1284 1914 1326 1947 et
1358 1904 1569 1948 arundine
1599 1902 1742 1947 rides?

650 1977 760 2033 Quae
790 1978 977 2037 primum
1009 1986 1173 2019 structa
1204 1986 1266 2019 cst
1297 1975 1437 2019 fistula
1456 2010 1466 2023 ,
1497 1974 1591 2018 talis
1621 1984 1724 2017 erat.

583 2120 713 2163 Τίπτε
735 2121 852 2179 γελᾷς
874 2118 1068 2177 καλάμοις
1088 2123 1246 2164 πηκττζν
1269 2135 1316 2172 με
1330 2151 1340 2170 ,
1363 2118 1429 2159 καὶ
1447 2111 1537 2164 ἡδέϊ
1555 2121 1689 2175 κηρῴς

654 2179 691 2232 H
717 2195 877 2246 πρῶτον
900 2190 1055 2249 γεγαυῖ’
1074 2189 1182 2231 ἔσκεν
1207 2190 1471 2249 ὁμοιοπαγῆς.

576 2342 582 2361 ι
624 2329 714 2372 (haid
733 2340 778 2360 me
797 2335 999 2372 compactam.
1023 2327 1094 2359 Pan
1117 2327 1188 2371 pri·
1250 2325 1458 2371 puellae›1;et
1471 2324 1571 2369 Virg.
1584 2324 1656 2356 Ecl.
1672 2323 1723 2362 11,
1743 2322 1788 2356 32
1804 2334 1812 2355 :
1827 2338 1840 2351 ι
1855 2321 1925 2354 Pan

516 2393 730 2427 mus‚quum
741 2380 869 2427 Syrinx
881 2388 992 2413 amata
1009 2379 1074 2425 ipsi
1091 2391 1192 2424 nym-
1249 2378 1385 2424 primus
1415 2378 1566 2411 calamos
1599 2389 1678 2411 cera
1711 2376 1927 2421 conjungere

515 2435 586 2481 pha
610 2433 645 2468 in
676 2432 884 2468 arundinem
915 2446 933 2467 a
960 2433 1035 2466 Diis
1059 2440 1190 2465 mutata
1249 2432 1366 2478 plures
1386 2430 1543 2465 Instituit
1562 2447 1575 2459 2»
1592 2457 1602 2472 ‚
1619 2438 1654 2464 et
1674 2429 1792 2475 paullo
1815 2428 1904 2461 infra
1919 2452 1926 2463 ,

517 2488 655 2530 fuisset,
684 2487 859 2534 compegit
889 2487 1053 2521 fistulam.
1085 2484 1189 2519 Ovid.
1252 2498 1300 2519 vs.
1328 2485 1390 2525 36,
1419 2502 1432 2514 a
1453 2485 1514 2517 Est
1533 2483 1621 2517 mihi
1649 2481 1857 2529 disparibus?
1876 2492 1928 2513 se-

515 2542 659 2575 Metam.
673 2541 735 2574 lib.
749 2542 784 2583 I,
801 2553 843 2586 71
857 2553 871 2574 1
889 2553 896 2574 z
912 2541 1046 2586 «Atque
1062 2540 1108 2572 ita
1122 2538 1192 2572 dis·
1252 2548 1347 2584 ptem
1380 2545 1560 2584 compacta
1590 2536 1715 2571 cicutis
1750 2534 1890 2568 Fistula.
1911 2551 1923 2562 ι»

518 2595 659 2640 paribus
697 2594 836 2628 calamis
870 2593 1073 2640 compagine
1106 2604 1193 2626 cerae
1254 2591 1347 2625 Vide
1367 2600 1401 2625 et
1419 2591 1668 2631 Theocritum,
1683 2588 1787 2634 ldyll.
1815 2587 1924 2619 vlu,

517 2648 614 2681 Inter
647 2661 681 2681 se
716 2648 845 2691 junctis
876 2659 1004 2680 nomen
1042 2646 1194 2680 tenuisse
1255 2658 1301 2679 vs.
1329 2647 1372 2679 18
1392 2654 1427 2679 et
1443 2657 1515 2689 sqq.
