1901 3259
330 225 911 268 EPIGRAMMATUM
950 225 1074 266 LIB.
1115 225 1250 267 XIV.

1399 222 1494 283 269

587 362 978 419 CLXXXV.

546 519 797 548 VIRGILII
837 520 1035 549 CULEX.

162 645 329 685 Aecum
360 640 534 684 facundi
561 640 776 696 Culicem,
802 641 1015 696 studiose,
1042 642 1256 697 Maroui53

227 712 295 756 Ne
320 713 445 772 nugis
467 712 618 772 positis
645 713 775 755 Arma
798 712 1028 771 virumque
1056 727 1201 757 canas.

156 852 234 895 Τὸν
264 852 400 912 λογίου
429 853 618 894 Κώνωπα
644 845 787 909 δέχου,
817 852 1052 911 φιλόμουσε,
1080 852 1298 912 Μάρωνος,

227 923 297 968 Μῆ
328 921 381 964 τὰ
412 923 543 982 γελοῖ’
569 921 716 979 ἀφιεὶς,
744 909 867 964 ὅπλα
894 921 960 964 καὶ
987 916 1100 981 ἄνδρ’
1127 923 1318 983 ἀναγνῶς.

143 1074 172 1094 1.
190 1061 342 1095 Culicem.
354 1061 430 1094 Hoc
444 1069 495 1094 est
506 1087 515 1102 ‚
529 1060 669 1106 Virgilii
683 1061 759 1094 bre-

86 1113 240 1147 viculum
257 1126 379 1160 poema
392 1140 401 1156 ‚
415 1126 484 1159 quo
499 1114 629 1147 Culicis
645 1114 758 1147 fatum

85 1165 206 1208 deflet,
226 1175 260 1200 et
278 1167 333 1200 cui
347 1192 356 1207 ,
372 1167 418 1200 ob
435 1167 613 1200 materiam
630 1165 672 1199 de
688 1179 757 1212 qua

84 1219 209 1264 agitur,
217 1219 319 1253 Culici
327 1232 456 1253 nomen
467 1220 666 1265 impositum
678 1219 754 1253 fuit.

84 1271 171 1306 Sane
190 1284 272 1306 vero
289 1272 430 1306 videtur
449 1273 603 1306 Maronis
619 1271 655 1305 id
670 1284 751 1318 poe-

83 1325 229 1358 matium
253 1325 376 1367 fuisse,
402 1338 514 1371 neque
545 1325 576 1358 ei
607 1325 750 1364 insulse,

84 1385 123 1410 ut
147 1378 302 1411 Homero
335 1378 726 1424 Batrachomyomachia
744 1403 754 1419 ‚

83 1430 250 1464 affictum.
272 1431 396 1476 Neque
420 1431 517 1463 omni
542 1431 664 1476 lepore
692 1429 753 1464 de-

82 1483 201 1517 stituta
224 1484 377 1517 narratio
400 1491 451 1516 est
463 1508 472 1524 ‚
489 1495 603 1528 neque
619 1482 755 1528 indigni

83 1548 200 1570 versus
222 1548 263 1569 eo
288 1536 564 1577 adolescentulo,
583 1536 642 1568 cui
663 1548 757 1568 arma

81 1589 195 1622 Turni
210 1597 244 1622 et
260 1588 409 1622 Didonis
428 1600 561 1622 amores
579 1588 756 1622 celebrare

81 1642 226 1686 posthac
246 1642 404 1687 contigit.

137 1707 168 1728 2.
181 1695 448 1740 Nucibus...legas
456 1694 627 1728 Gruterus
640 1706 647 1726 ε
660 1702 695 1727 et
706 1693 754 1727 sic

82 1745 140 1780 dat
158 1748 257 1781 Bar-b.
275 1747 331 1781 ed.
350 1749 450 1781 Nuct's
466 1746 522 1780 ed.
541 1747 619 1780 Par.
642 1750 754 1791 1617.

82 1800 223 1833 Nucibus
241 1799 320 1833 cod.
338 1800 472 1834 Beveri.
490 1799 590 1833 Parvi
607 1799 752 1844 quidem

81 1851 118 1884 id
137 1853 292 1886 interest.
310 1853 398 1886 Nam
422 1851 595 1898 quidquid
617 1852 674 1885 hic
701 1852 751 1885 le-

80 1905 205 1938 ctionis
232 1906 296 1939 tibi
321 1906 475 1939 arriserit
499 1913 532 1938 et
558 1905 666 1938 textui
698 1905 751 1937 in-

81 1956 246 2000 ducatur,
267 1957 360 1991 idem
392 1967 441 1992 est
467 1971 604 1999 sensus,
630 1966 664 1990 et
689 1970 752 2003 per

80 2010 169 2044 hanc
196 2023 318 2044 vocem
342 2024 435 2056 augre
461 2010 535 2044 ludi
554 2019 587 2044 et
610 2010 678 2043 otia
698 2011 750 2043 in·-

81 2063 263 2107 dicantur‚
281 2076 344 2109 per
367 2066 402 2097 τὸ
426 2077 517 2096 nuces
538 2063 748 2096 innuuntur.

81 2116 170 2149 Nam
196 2126 236 2150 ut
262 2118 311 2150 nil
331 2117 462 2158 levius,
492 2117 539 2150 nil
558 2116 661 2149 vilius
682 2117 751 2150 sale

80 2168 175 2213 apud
193 2170 355 2212 Graecos,
384 2170 432 2204 sic
461 2168 555 2215 apud
578 2171 751 2203 Romanas

80 2222 130 2253 nil
157 2223 265 2256 levius
285 2223 431 2256 nucibus
452 2222 559 2255 :hinc
583 2222 658 2268 huj.
687 2222 747 2255 lib.

79 2274 180 2315 XIV,
210 2275 320 2321 epigr.
353 2287 472 2309 xvm:
499 2293 514 2306 «ι
532 2275 614 2308 Alea
645 2287 750 2321 parva

80 2339 219 2360 nuces.»
235 2329 278 2361 Et
293 2328 354 2361 lib.
374 2329 440 2370 IV,
458 2328 548 2373 epig.
565 2340 664 2369 LXVI,
681 2340 695 2360 1
707 2329 724 2361 5
746 2339 754 2360 τ

85 2397 98 2409 κ
118 2380 301 2425 Supposita
327 2389 378 2414 est
407 2380 536 2414 blando
565 2393 748 2426 nunquam

80 2433 142 2466 tibi
174 2441 299 2466 tessera
328 2433 417 2475 talo,
440 2434 522 2467 Alea
546 2432 607 2466 sed
638 2446 748 2479 parcae

79 2486 151 2518 sola
170 2486 266 2518 fuere
286 2498 423 2519 nuces.»
440 2487 517 2518 Jam
536 2486 683 2519 nucibus
694 2499 748 2519 so-

78 2538 197 2571 lebant
215 2538 377 2572 infantuli
395 2546 430 2571 et
448 2539 610 2572 tenellula
635 2538 748 2572 adhuc

79 2599 177 2624 aetate
213 2591 313 2636 pueri
341 2590 471 2624 ludere.
500 2590 581 2624 Vid.
610 2591 669 2624 lib.
703 2593 748 2631 V,

818 1060 927 1106 epigr.
944 1073 1070 1094 Lxxx1v
1087 1073 1096 1094 :
1122 1078 1135 1090 a
1150 1063 1229 1096 Jam
1254 1062 1359 1096 tristis
1388 1065 1486 1097 nuci-

816 1114 880 1146 bus
894 1126 983 1159 puer
994 1114 1122 1147 relictis
1133 1115 1293 1148 Clamoso
1303 1125 1489 1149 revocatur

816 1178 834 1199 a
856 1166 1030 1211 magistro.
1049 1185 1061 1196 »ι
1082 1167 1127 1200 Et
1144 1167 1382 1202 Saturnalium
1403 1177 1487 1202 tem-

814 1231 903 1264 pore
920 1219 1081 1265 inprimis
1098 1220 1201 1253 etiam
1224 1230 1367 1255 maturae
1383 1222 1490 1256 aetatis

815 1272 880 1304 viri
902 1272 1053 1306 nucibus
1077 1272 1254 1307 ludebant.
1279 1275 1356 1308 Lib.
1385 1276 1485 1313 XIV,

814 1324 922 1369 epigr.
944 1338 958 1358 1
976 1339 982 1357 :
1000 1343 1014 1355 κ
1026 1326 1174 1371 perdere
1190 1327 1272 1360 nolo
1288 1340 1487 1362 nuces.»—

814 1378 917 1422 Legas
934 1377 1015 1412 cod.
1031 1378 1068 1411 in
1086 1391 1192 1425 marg.
1211 1379 1266 1414 ed.
1283 1381 1358 1415 Par.
1374 1383 1484 1425 1617.

813 1449 865 1455 —
883 1430 1002 1464 Canas.
1024 1432 1067 1464 H.
1090 1444 1120 1466 e.
1142 1445 1188 1465 ne
1209 1433 1486 1467 Saturnaliorum

814 1490 971 1528 tempore
980 1485 1199 1529 gravioribus
1209 1485 1332 1520 studiis
1343 1499 1486 1532 operam

815 1533 885 1568 des.
908 1556 960 1561 —
972 1537 1075 1569 Arma
1106 1541 1278 1585 virumque.
1306 1540 1383 1573 Hoc
1415 1549 1484 1582 est,

815 1587 962 1622 AEneida
990 1591 1091 1635 cujus
1116 1590 1208 1624 illud
1237 1599 1287 1625 est
1318 1593 1457 1626 initium
1475 1605 1483 1626 ε

815 1653 892 1674 nam
909 1640 1074 1675 videntur
1095 1643 1248 1689 antiquis
1259 1669 1270 1685 .‚
1283 1654 1341 1678 aut
1354 1658 1484 1691 suppo-

814 1693 913 1726 sititii
926 1720 936 1736 ‚
957 1703 1016 1727 aut
1036 1696 1131 1740 quasi
1154 1705 1249 1731 extra
1265 1710 1355 1743 opus
1374 1698 1483 1731 habiti

813 1745 918 1779 fuisse
936 1747 1099 1781 versiculi
1115 1749 1152 1781 hi
1172 1758 1323 1794 quatuor
1343 1762 1351 1783 :
1378 1769 1390 1780 κ
1418 1751 1481 1784 Ille

813 1810 876 1843 ego
890 1799 949 1844 qui
960 1800 1138 1844 quondam
1150 1802 1268 1846 gracili
1282 1803 1482 1838 modulatus

812 1863 938 1893 avena,
954 1861 1019 1886 etc.
1037 1870 1050 1882 u
1064 1866 1072 1893 3
1088 1863 1180 1887 certe
1195 1856 1353 1890 AEneidis
1370 1858 1483 1903 prima

811 1905 914 1938 verba
930 1930 939 1946 ‚
966 1906 1122 1950 primum
1140 1907 1398 1943 hemistichium
1420 1922 1482 1943 sae-

812 1957 888 2001 pius
912 1959 1097 2003 proferunt
1119 1961 1264 1995 Veteres
1296 1961 1339 1995 ad
1370 1963 1478 2009 ipsam

809 2010 991 2044 AEneidem
1009 2010 1273 2057 designandam,
1290 2028 1354 2049 nec
1368 2025 1482 2051 tamen

810 2064 914 2096 verba
931 2064 995 2097 alia
1011 2066 1194 2110 proferunt
1215 2080 1319 2112 quam
1335 2070 1409 2103 haec
1426 2071 1481 2104 vel

809 2118 1000 2161 sequentia.
1016 2118 1175 2161 Persius,
1189 2119 1258 2153 Sat.
1280 2122 1313 2162 I,
1329 2125 1376 2167 96
1390 2148 1398 2163 ‚
1415 2123 1479 2156 fin-

809 2181 891 2213 gens
910 2170 974 2203 sibi
988 2171 1103 2204 minus
1122 2172 1258 2217 placere
1269 2175 1460 2220 Virgiliana
1473 2203 1482 2218 ‚

809 2222 1038 2256 Ciceroniana
1051 2249 1060 2265 ‚
1080 2233 1113 2258 et
1135 2225 1310 2271 quidquid
1332 2229 1483 2274 Augusti

809 2282 888 2308 aetas
916 2276 1108 2320 protulerat
1127 2289 1135 2310 ε
1166 2294 1180 2308 α
1198 2280 1305 2313 ARMA
1333 2293 1456 2315 vaM
1471 2283 1480 2315 Β

809 2327 936 2361 Nonne
967 2329 1035 2362 hoc
1059 2343 1261 2375 spumosum
1291 2341 1323 2366 et
1353 2335 1480 2368 cortice

808 2380 956 2426 pingui?
978 2383 1028 2415 Ut
1054 2384 1182 2416 ramale
1216 2394 1328 2419 vetus.
1352 2404 1364 2415 n
1402 2388 1480 2432 Ipse

808 2433 976 2467 Martialis
989 2461 997 2476 ‚
1016 2435 1172 2469 lib.VIII
1184 2462 1193 2477 ‚
1207 2439 1315 2483 epigr.
1333 2451 1391 2471 LVI
1407 2465 1416 2479 ,
1430 2452 1479 2473 vs.

814 2499 857 2531 19
878 2495 912 2520 et
931 2500 975 2521 20
994 2499 1002 2520 :
1023 2505 1036 2517 κ
1053 2489 1219 2522 Protinus
1239 2491 1372 2524 Italiam
1395 2504 1479 2525 con-

808 2539 901 2584 cepit
914 2549 946 2573 et
964 2542 1067 2574 Arma
1084 2543 1281 2586 virumque,
1293 2544 1363 2583 Qui
1374 2544 1479 2578 modo

809 2592 865 2625 vix
884 2593 1040 2626 Culicem
1062 2593 1204 2627 fleverat
1219 2608 1280 2628 ore
1298 2595 1389 2629 rudi.
1410 2615 1422 2626 η
