2044 3292
476 263 533 291 10

844 248 905 290 M.
932 249 1070 292 VAL
1110 248 1495 292 MARTIALtS

606 335 797 379 Thraces
811 369 822 390 2
851 337 1119 381 Sauromatae
1133 373 1144 392 ‚
1171 338 1294 381 Getae
1311 370 1322 391 ‚
1349 338 1542 381 Britanni
1560 373 1571 392 ‚

604 406 784 449 Possum
808 406 1037 450 ostendere
1060 409 1301 463 Caesare1n3
1325 408 1478 451 venite.

466 542 653 588 quentibus
667 542 808 588 populis
821 543 944 588 saepius
959 552 1073 577 actum
1088 556 1141 577 su-

465 607 538 640 pra.
552 616 604 621 —
618 595 783 629 Cluverio
801 594 845 628 de
861 596 976 629 Serica
998 596 1139 642 Scythia

466 647 587 687 multi,
607 656 641 680 et
664 648 688 681 ii
703 647 815 688 docti,
832 648 1081 690 adversantur3
1106 657 1141 681 et

466 712 546 733 sane
567 700 666 734 Seras
683 712 765 733 vero
785 701 1000 734 simillimum
1017 709 1067 734 est
1085 713 1140 734 re-

463 753 575 798 gionis
589 753 692 797 hujus
703 753 805 786 fuisse
815 753 945 787 incolas
956 766 1034 799 quae
1045 766 1141 788 nunc

465 813 611 839 vocatur
629 819 775 851 rqraume
791 806 830 838 de
846 806 948 847 Siam,
968 807 1003 839 in
1024 819 1063 840 ea
1081 807 1140 840 In-

464 856 551 892 dicae
564 858 654 891 ultra
664 858 821 904 Gangem
835 859 1028 905 peninsulae
1042 868 1141 906 parte

466 924 543 956 quae
562 910 605 944 ad
625 910 844 945 occidentem
865 921 1008 957 spectat.

516 975 566 997 xo.
579 965 598 995 1
607 964 703 998 'enita
714 964 837 998 Pacem
848 965 979 999 scilicet
991 966 1140 1000 oraturi:

464 1016 576 1049 habeo
599 1017 693 1050 enim
720 1018 934 1063 ijanum,
957 1019 1018 1064 qui
1038 1031 1099 1052 vos
1122 1032 1141 1053 a

464 1081 517 1102 me
537 1068 738 1104 deficientes
753 1071 918 1117 castigare
930 1072 1072 1117 poterit.
1088 1073 1140 1106 De

462 1122 649 1156 virtutibus
667 1123 808 1168 Traiani
831 1125 905 1158 fuse
928 1125 1062 1158 Plinius
1079 1127 1139 1171 ju·

1201 543 1280 576 nior
1307 543 1343 577 in
1371 557 1434 577 suo
1461 544 1689 590 Panegyrico.
1720 564 1770 570 —
1801 545 1876 590 Ego

1200 596 1390 641 intelligam
1407 597 1586 637 libentius,
1599 597 1695 643 quasi
1712 597 1877 631 omnibus

1200 661 1286 694 quos
1309 649 1367 682 hic
1399 648 1543 683 advocat
1571 650 1713 696 populis
1736 662 1876 695 persua·

1200 713 1277 734 sum
1293 710 1382 735 esset
1402 701 1491 734 nihil
1504 714 1650 736 romano
1666 702 1876 749 imperatore

1200 756 1329 799 majus,
1341 754 1402 800 qui
1426 753 1569 800 quidem
1586 754 1712 800 dignus
1733 755 1877 789 nomine

1201 808 1274 848 tali,
1290 809 1435 841 Romam
1452 808 1756 841 exclamassezJam
1773 808 1879 842 habe-

1200 873 1277 894 mus
1289 859 1486 894 redivivum
1505 861 1672 895 Caesarem
1686 858 1878 906 (Trajanus

1200 913 1294 947 enim
1316 914 1388 947 sive
1417 912 1461 947 ad
1489 926 1628 947 morum
1655 913 1852 948 comitatem
1868 940 1878 955 ,

1200 966 1271 1000 sive
1285 966 1329 1000 ad
1344 967 1393 1000 rei
1407 967 1565 1000 militaris
1584 967 1746 1013 peritiam
1760 979 1878 1012 respe-

1201 1020 1289 1054 xeris
1301 1045 1310 1061 ,
1332 1020 1419 1053 nulli
1434 1015 1590 1065 impar);
1613 1020 1730 1053 venite
1743 1045 1752 1061 ‚
1773 1032 1878 1066 quem

1200 1085 1383 1118 nunquam
1419 1071 1554 1106 vidistis
1589 1071 1753 1107 admirari
1784 1085 1878 1106 nunc

1200 1124 1304 1159 datur
1321 1126 1432 1171 copia.
1455 1126 1522 1158 En.

1112 1260 1219 1316 IX.

1369 1397 1387 1414 ῃ

963 1419 1032 1446 ΑΒ
1071 1418 1344 1447 CAESAREM.

528 1542 696 1585 PALMA
722 1542 833 1603 regit
856 1552 1030 1586 nostros
1045 1577 1056 1596 ,
1084 1543 1309 1587 mitissime
1337 1543 1486 1587 Caesar
1501 1578 1512 1598 ‚
1540 1542 1691 1587 Iberos
1707 1578 1718 1598 ,

596 1613 654 1655 Et
678 1611 849 1673 placido
874 1612 1032 1656 fruitur
1058 1629 1143 1674 pax
1169 1614 1402 1674 peregrina
1424 1612 1544 1675 jugo.

528 1684 646 1743 Ergo
667 1684 835 1744 agimus
857 1682 940 1728 laeti
965 1693 1087 1727 tanto
1109 1700 1190 1745 pro
1213 1700 1397 1728 munere
1422 1693 1565 1746 grates
1583 1702 1591 1726 :

595 1754 753 1797 Misisti
777 1771 922 1798 mores
947 1755 991 1797 in
1018 1754 1113 1798 loca
1136 1765 1285 1799 nostra
1315 1765 1424 1799 tuos.

522 1890 537 1903 ¹
565 1892 770 1938 Hispaniam
799 1902 956 1939 pacatam
990 1894 1134 1928 Caesaris

455 1945 576 1978 virtuti
594 1954 627 1979 et
647 1946 804 1980 moribus
817 1945 995 1980 adscribit.

513 2010 543 2031 1.
559 1999 686 2032 Palma.
705 2000 813 2044 Cujus
829 2000 985 2044 praefecti
1005 2000 1130 2045 Syriae,

453 2060 487 2084 et
509 2052 661 2096 Trajano
685 2052 888 2097 gratissimi,
913 2053 1132 2086 mentionem

454 2104 537 2137 facit
558 2104 625 2137 Dio
647 2105 683 2137 in
706 2106 859 2150 Trajano
879 2117 887 2138 :
906 2105 1034 2139 iterum
1059 2118 1131 2138 me-

453 2157 556 2190 minit
572 2157 608 2190 in
625 2156 782 2191 Adriano
798 2171 815 2191 a
833 2171 903 2204 quo
925 2159 1131 2192 interfectus

453 2218 504 2243 est
533 2210 662 2244 Palma.
685 2211 753 2244 Alii
777 2211 845 2245 hoc
872 2212 950 2245 loco
976 2212 1130 2245 Palmam

450 2273 597 2297 sumunt
613 2277 678 2310 pro
693 2265 855 2310 symbolo
869 2265 1025 2298 victoriae
1039 2278 1047 2306 ;
1065 2265 1130 2298 mi-

451 2328 516 2349 nus
536 2317 635 2350 bene.

507 2381 540 2402 π.
563 2371 639 2403 Pax
653 2373 835 2416 peregrina.
865 2370 942 2404 Hoc
969 2379 1041 2410 est,
1065 2371 1129 2404 Hi-

449 2422 568 2468 spani,
585 2423 646 2469 qui
669 2423 870 2469 alienigenae
889 2433 922 2457 er
950 2424 1129 2469 peregrini

450 2475 615 2509 Romanis
642 2476 876 2518 videbantur,
903 2489 985 2510 vere
1012 2477 1130 2523 quieta

446 2540 530 2573 pace
561 2529 761 2575 gaudebant
787 2529 1009 2577 provinciam
1036 2530 1129 2564 obti-

447 2590 551 2615 nente
573 2583 712 2625 Palma,
734 2596 799 2618 nec
820 2583 1010 2630 imperium
1032 2584 1131 2617 incu-

1193 1895 1316 1928 sabant
1334 1906 1493 1928 severum
1514 1902 1549 1927 et
1565 1905 1674 1939 rapax
1691 1894 1749 1928 cui
1765 1895 1874 1927 Roma

1194 1948 1290 1993 pacis
1311 1959 1442 1981 nomen
1461 1946 1715 1993 praetendebat.

1249 2005 1283 2041 4.
1313 2001 1441 2033 Misisti.
1468 2000 1623 2033 Palmam
1644 2000 1871 2045 praefectum,

1192 2061 1227 2087 et
1247 2062 1391 2086 tuorum
1417 2065 1558 2086 morum
1584 2053 1759 2086 aemulum.
1780 2052 1873 2086 Gro-

1193 2106 1320 2140 novius
1344 2113 1461 2140 tamen
1484 2106 1532 2139 sic
1555 2105 1730 2150 vituperat
1749 2116 1758 2138 :
1786 2123 1800 2135 -
1818 2105 1873 2139 Ibi

1191 2158 1341 2192 ridicule
1356 2160 1519 2193 nonnulli
1540 2171 1580 2193 ex
1597 2158 1851 2204 interpretibus
1862 2184 1870 2195 .

1191 2225 1302 2252 mores,
1321 2211 1358 2245 id
1377 2220 1448 2253 est,
1466 2212 1668 2258 praefectum
1681 2238 1689 2253 ‚
1707 2211 1873 2245 aemulum

1190 2274 1332 2299 tuorum
1356 2278 1509 2299 morum.
1532 2264 1601 2299 Sed
1626 2264 1794 2311 peculiari
1816 2277 1873 2298 ra-

1190 2318 1285 2352 tione
1302 2331 1400 2351 mores
1416 2319 1452 2352 in
1469 2319 1670 2352 Domitiano
1684 2316 1872 2364 praedicat,

1189 2372 1250 2417 qui
1275 2385 1393 2405 morum
1415 2375 1633 2405 correctionem
1653 2372 1810 2416 suscepit,
1833 2378 1873 2403 ut

1190 2425 1348 2471 loquitur
1363 2425 1553 2459 Suetonius
1564 2451 1573 2466 ‚
1587 2437 1664 2470 cap.
1681 2425 1700 2457 8
1711 2449 1720 2465 ‚
1734 2435 1873 2457 censor·

1189 2490 1258 2523 quc
1284 2478 1374 2517 suit,
1399 2486 1506 2522 prout
1526 2490 1544 2511 a
1565 2477 1718 2511 Martiali
1741 2476 1870 2510 saluta-

1189 2539 1259 2564 tur.
1283 2549 1296 2561 »
1320 2531 1424 2564 Prior
1454 2538 1571 2565 tamen
1604 2542 1726 2564 sensus
1752 2529 1871 2575 potior

1189 2584 1309 2617 multis
1331 2582 1484 2618 videtur.
