1901 3259
294 215 882 260 EPIGRAMMATUM
921 219 1045 262 LIB.
1086 219 1226 262 XIV.

1371 219 1462 277 195

676 369 834 425 LIV.

512 507 1002 554 CREPITACILLUMf

127 650 173 694 Si
205 650 299 710 quis
327 648 522 710 plorator
550 649 662 694 collo
689 650 766 694 tibi
797 651 978 695 vernula
1005 652 1188 713 pendet,

198 722 303 764 Haec
334 720 499 781 quatiat
525 730 674 766 tenera
699 720 874 782 garrula
904 722 1028 766 sistra
1055 739 1204 766 manu.

129 855 182 898 Εἴ
201 871 271 898 σου
290 859 384 904 παῖς
405 854 551 896 κλαίων
572 871 633 904 τις
652 855 722 897 ἀπ’
744 857 907 914 αὐχένος
925 859 1128 916 ᾐώρηται,

201 926 358 984 Νηπιέῃ
381 923 477 966 σείοι
496 923 651 967 κωτίλος
672 928 811 984 σεῖςρα
830 925 929 985 χερί.

115 1056 129 1070 *
144 1060 381 1105 Crepitacillum
400 1059 486 1094 dant
502 1059 584 1094 edd.
605 1068 689 1094 vett.
711 1070 745 1094 et

65 1113 196 1159 Delph.

123 1179 154 1200 1.
171 1167 327 1200 Vernula.
348 1167 467 1200 Infans
482 1178 610 1212 nempe
629 1179 744 1200 servu-

65 1220 119 1252 lus
140 1218 237 1252 domi
258 1227 372 1252 natus.

121 1284 137 1304 2
148 1298 155 1305 .
171 1272 288 1306 Sistra.
305 1271 454 1306 Sistrum
470 1272 743 1305 instrumentum

67 1333 140 1359 erat
155 1325 358 1371 AEgyptium
386 1337 405 1358 e
432 1325 574 1358 metallo
599 1329 722 1370 arguto
737 1351 745 1366 ,

804 1075 877 1107 quo
904 1062 939 1095 in
967 1061 1070 1096 Isidis
1092 1064 1196 1097 sacris
1215 1065 1415 1107 utebantur,
1440 1068 1482 1100 ab

804 1115 993 1160 agitatione
1018 1128 1150 1150 nomen
1179 1117 1320 1152 habens.
1353 1119 1485 1153 Graecis

805 1168 899 1201 enim
919 1169 994 1202 σείω
1013 1169 1106 1202 valet
1123 1168 1218 1203 idem
1241 1170 1337 1216 quod
1360 1186 1482 1211 mon-eo,

805 1223 914 1267 quatio
932 1235 944 1254 .·
970 1234 1051 1254 nam
1078 1223 1244 1267 agitatum
1277 1232 1310 1258 et
1340 1237 1485 1258 concus-

806 1286 903 1314 sum,
926 1274 1076 1308 tinnitus
1096 1284 1237 1320 argutos
1252 1276 1388 1311 edebat.
1408 1279 1486 1311 Lib.

808 1326 878 1359 XII
890 1352 900 1367 ‚
921 1327 1032 1372 epigr.
1048 1340 1130 1361 xxtx
1144 1354 1151 1367 ‚
1170 1342 1219 1362 vs.
1245 1342 1299 1373 ¹9·

664 1528 672 1534 ἱ
722 1462 839 1517 LV.

576 1614 961 1643 FLAGELLUM.

144 1729 390 1772 PflomclEs
421 1725 527 1770 nihil
554 1727 663 1782 hoc,
688 1727 828 1773 caedas
854 1727 954 1773 licet
976 1746 1112 1790 usque
1134 1731 1326 1792 flagello,

217 1798 258 1842 Si
289 1797 368 1841 tibi
394 1814 618 1858 purpureo
647 1797 700 1842 de
731 1814 862 1859 grege
889 1800 1027 1844 currit
1057 1817 1208 1861 equus.

149 1929 238 1970 Οὐκ.
265 1923 311 1968 ἂν
339 1921 464 1986 μοίςιξ
492 1921 574 1978 ἧδ’,
605 1925 635 1968 εἰ
661 1926 728 1969 καὶ
758 1928 893 1987 τρέχω
918 1929 1059 1981 ἵππος,
1089 1933 1252 1983 ὀνῆσαι,

218 1996 271 2039 Εἴ
295 1998 333 2058 γ’
363 1995 614 2046 ἱππος-ασίων
645 1998 705 2046 ἔς’
736 1998 816 2040 ἀπὸ
846 2001 1090 2059 πορφυρέων.

134 2138 167 2157 2.
180 2123 216 2157 Si
231 2123 464 2169 tibiputpureo.
482 2122 558 2156 Hoc
574 2131 626 2156 est
640 2136 647 2155 ε
666 2123 759 2168 Equi

81 2176 242 2210 factionis
251 2188 439 2222 purpureae
450 2184 520 2209 tam
531 2188 650 2221 segnes
659 2184 739 2210 sunt
748 2189 756 2210 z

81 2238 120 2263 ut
133 2255 142 2271 ‚
160 2230 238 2262 illos
252 2229 335 2263 licet
352 2227 486 2263 assidue
501 2229 665 2263 verberes
680 2255 689 2271 ‚
702 2241 759 2262 ve-

81 2283 193 2316 locius
209 2290 324 2316 tamen
346 2295 419 2315 non
437 2289 591 2316 currant.
609 2282 687 2315 Hoc
708 2281 760 2316 di-

83 2335 134 2368 xit
165 2334 211 2369 de
241 2335 394 2369 factione
423 2336 558 2369 Veneta
591 2335 654 2368 lib.
681 2336 733 2368 VI
751 2362 759 2377 ,

84 2388 194 2433 epigr.
212 2401 306 2422 nm.
325 2405 339 2418 u
356 2388 506 2432 Vapulat
528 2387 667 2422 assiduo
687 2389 757 2422 Ve-

85 2441 157 2473 neti
175 2440 342 2486 quadriga
363 2440 518 2486 flagello,
538 2441 611 2474 Nec
626 2441 759 2484 currit3

87 2505 249 2538 magnam
283 2506 357 2527 rem
380 2519 390 2536 ‚
423 2494 568 2528 Catiane
582 2519 591 2534 ‚
630 2494 722 2528 facit.
742 2513 755 2524 „

88 2547 141 2579 De
170 2546 380 2580 factionibus
406 2547 605 2592 aurigarum
630 2547 768 2592 egimus

90 2611 205 2644 supra.
222 2600 319 2632 Duos
336 2607 502 2644 praeterea
518 2611 636 2633 sensus
652 2601 764 2646 suspi-

91 2652 158 2685 cati
176 2660 256 2686 sunt
272 2651 340 2686 viri
359 2651 465 2686 docti.
486 2653 645 2694 Quorum
668 2654 764 2698 prior

821 2124 872 2157 illi
893 2126 1038 2159 omnino
1058 2129 1254 2162 contrarius
1276 2144 1378 2176 quem
1397 2132 1496 2168 ‹ledi-

819 2189 896 2210 mus
914 2177 1111 2223 designaret
1126 2193 1198 2214 non
1219 2195 1309 2228 opus
1325 2197 1397 2219 esse
1417 2188 1495 2221 ullis

818 2229 982 2276 flagellis,
1002 2232 1030 2265 si
1053 2244 1160 2278 equos
1180 2235 1307 2270 habeas
1323 2240 1495 2275 eRussata

819 2283 974 2317 factione
985 2309 994 2324 ,
1011 2297 1126 2330 neque
1142 2300 1245 2331 posse
1261 2302 1319 2323 eos
1341 2303 1496 2337 unquam

819 2337 1005 2370 celeriores
1031 2338 1142 2380 effici,
1161 2341 1337 2387 quidquid
1365 2346 1501 2379 stimuli

821 2388 971 2423 addatur
988 2402 995 2422 :
1013 2391 1106 2423 labor
1120 2401 1166 2424 est
1182 2395 1318 2427 inhibere
1340 2398 1496 2431 volantes.

820 2442 1041 2484 posteriore,
1072 2446 1133 2489 qui
1158 2447 1314 2481 Domitio
1349 2450 1501 2492 arridet,

823 2496 986 2541 Purpureo
1004 2509 1132 2530 nomen
1144 2506 1193 2531 est
1208 2502 1392 2546 proprium
1405 2506 1503 2550 equi3

822 2560 903 2581 nam
934 2561 1042 2594 equos
1083 2563 1173 2595 saepe
1204 2553 1329 2599 aurigae
1359 2557 1501 2590 nomine

824 2613 887 2634 suo
917 2602 1108 2643 vocabam,
1138 2613 1172 2636 et
1200 2612 1283 2638 tunc
1307 2609 1422 2654 auriga
1452 2611 1500 2643 sa-

824 2666 941 2687 mosus
961 2655 1156 2699 Purpureo.

1213 2711 1296 2755 13²
