2044 3292
507 197 604 241 236

888 204 949 246 Μ.
970 204 1110 248 VAL.
1149 208 1541 252 MARTIALIS

1066 356 1359 413 CXXVL

1055 511 1363 539 ENDROMIS.

574 632 808 676 l'AUPEms
838 643 903 676 est
931 650 1089 679 munus
1107 668 1118 688 ,
1143 635 1217 679 sed
1247 651 1336 680 non
1368 646 1432 679 est
1459 638 1666 697 pauperis
1699 653 1823 691 usus;

646 704 769 745 Hanc
800 703 877 746 tibi
908 721 988 764 pro
1019 704 1126 749 laena
1156 706 1370 750 mittimus
1399 706 1668 751 endromida.

574 839 622 881 Et
645 840 711 882 καὶ
736 835 861 885 ἔδωκε
886 845 1025 898 πένης,
1052 848 1124 887 οὐκ
1143 846 1205 895 ἕςι
1229 847 1392 905 φόρημα
1413 848 1599 896 πένητος·

643 906 771 958 Τηνδ’
798 913 888 955 ἀντὶ
913 914 1078 973 χλαίνης
1105 917 1316 976 πέμπομεν
1346 910 1580 976 ἐνδρομίδα.

564 1052 576 1072 1
588 1065 596 1073 .
614 1040 680 1072 sed
696 1052 759 1073 noa
777 1049 832 1074 est.
851 1041 1070 1076 Endromide
1089 1044 1183 1076 enini

503 1093 540 1125 in
552 1093 741 1137 gymnasiis
752 1095 945 1128 utebantur
955 1095 1092 1129 divites.
1102 1095 1185 1130 For-

507 1154 586 1179 tean
607 1154 646 1179 ut
660 1146 696 1179 in
711 1159 813 1182 arena
827 1149 883 1182 vel
902 1149 967 1182 sub
983 1149 1090 1194 xystis
1108 1162 1184 1183 cur-

504 1207 622 1232 rerent
635 1208 694 1233 aut
706 1201 886 1236 matutinis
899 1202 1184 1236 cursitationibus

506 1250 726 1298 indulgerent
743 1254 876 1288 facilius
889 1281 898 1296 ‚
915 1255 1010 1300 quod
1029 1255 1182 1290 declarat

507 1317 610 1351 quam
625 1299 844 1352 Ετυμολογίαν
863 1309 1010 1342 vocant?
1025 1310 1109 1342 Erat
1124 1321 1182 1344 ve-

507 1358 567 1392 stis
587 1359 726 1400 villosa,
745 1369 779 1394 et
794 1361 918 1394 hiemis
935 1370 1095 1407 tempore
1117 1375 1181 1407 po-

507 1411 679 1445 tissimum
709 1414 745 1446 iu
770 1426 834 1447 usu
860 1423 959 1456 erat,
989 1424 1028 1448 ut
1049 1415 1107 1449 ille
1126 1414 1183 1449 de-

507 1474 676 1499 monstrat
704 1466 881 1501 Juvenalis
919 1469 1112 1502 versiculus
1147 1470 1182 1502 in

506 1518 574 1550 Sat.
587 1518 639 1551 III
651 1543 660 1558 ,
678 1532 691 1552 1
700 1532 745 1552 02
759 1531 766 1552 :
780 1538 793 1549 «
802 1521 1000 1566 Igniculum
1012 1522 1144 1555 brumae
1156 1522 1183 1554 si

507 1577 663 1616 tempore
685 1585 822 1617 poscas,
846 1574 983 1620 Accipit
1004 1574 1183 1608 endromi-

505 1622 590 1656 den.
619 1641 632 1653 n
660 1625 759 1658 Illam
800 1627 976 1673 copiosius
1016 1627 1186 1661 Martialis

1242 1045 1316 1089 ipse
1334 1044 1396 1077 lib.
1420 1045 1485 1086 IV,
1506 1045 1614 1090 epigr.
1638 1057 1695 1077 x1x
1708 1071 1717 1085 ‚
1733 1043 1920 1090 descripsit

1242 1097 1345 1130 simul
1367 1105 1401 1130 et
1422 1096 1599 1131 laudavit:
1619 1114 1632 1127 «ι
1648 1097 1748 1131 Hanc
1771 1097 1833 1130 tibi
1857 1098 1921 1131 Se·

1243 1150 1402 1196 quanicae
1441 1151 1607 1196 pinguem
1651 1150 1805 1184 textricis
1845 1151 1922 1184 alu-

1244 1216 1380 1244 mnam,
1405 1204 1492 1245 Quae
1524 1202 1815 1237 lacedaemonium
1842 1204 1921 1237 bar-

1244 1258 1326 1290 bara
1356 1269 1484 1289 nomen
1512 1257 1640 1296 habet,
1666 1255 1837 1298 Sordida,
1861 1256 1920 1290 sed

1241 1309 1357 1354 gelido
1396 1322 1468 1343 non
1513 1309 1727 1356 aspernanda
1773 1311 1921 1343 Decem-

1242 1363 1348 1396 bri....
1364 1362 1508 1397 Ridebis
1532 1371 1655 1397 ventos
1676 1364 1744 1397 hoc
1776 1375 1921 1396 munere

1243 1423 1371 1459 tectus,
1387 1425 1422 1450 et
1444 1416 1572 1450 imbres
1584 1429 1593 1457 ;
1607 1417 1680 1450 Nec
1693 1416 1742 1450 sic
1760 1417 1796 1448 in
1811 1416 1922 1461 Tyrio

1244 1468 1390 1502 sindone
1410 1478 1505 1503 tutus
1527 1470 1605 1504 eris.
1624 1488 1636 1499 »

1300 1535 1331 1555 2.
1355 1524 1481 1567 Togulu
1497 1524 1531 1556 iu
1547 1522 1627 1556 edd.
1646 1530 1729 1556 vett.
1748 1522 1920 1556 Gruterus

1245 1588 1286 1608 ex
1304 1576 1413 1621 Bong.
1433 1585 1466 1609 et
1483 1576 1590 1609 Palat.
1609 1577 1703 1616 laerm,
1723 1584 1757 1609 et
1775 1575 1923 1608 subscri-

1245 1628 1297 1661 bit
1319 1628 1451 1662 Arond.
1473 1642 1558 1662 cu’na
1579 1628 1656 1662 cod.
1677 1629 1810 1662 Beverl.

1051 1764 1371 1821 CXXVH.

923 1911 1226 1950 CANUSI'NAE
1267 1902 1495 1950 FuscAEf

581 2048 686 2090 Η]Εο
712 2046 790 2089 tihi
815 2047 991 2091 turbato
1016 2049 1237 2092 Canusina
1264 2047 1478 2092 simillima
1501 2047 1642 2091 mulso

647 2116 810 2160 Munus
832 2118 912 2161 erit
936 2135 943 2160 :
969 2117 1136 2179 gaude3
1159 2135 1248 2162 non
1276 2119 1363 2162 cito
1393 2118 1468 2162 fiet
1496 2134 1618 2162 anus.

577 2251 710 2305 Τ-ήνδε
741 2261 1032 2318 ταραττομένῳ
1059 2253 1174 2308 δέξαι
1203 2262 1481 2319 παραπλήσιον
1514 2258 1605 2312 οἴνῳ

647 2318 708 2371 Ἐκ
732 2329 945 2381 Κανόσας,
980 2328 1132 2389 γῆθων·
1170 2332 1213 2372 οὐ
1240 2330 1345 2388 ταχὺ
1372 2335 1493 2390 γραῦς
1522 2331 1668 2372 ἔσεται.

562 2463 575 2475 ¹
592 2467 772 2501 Canu-sime.
794 2469 898 2502 Lanae
913 2468 984 2502 istae
996 2493 1005 2509 7
1024 2477 1061 2501 ut
1082 2481 1181 2502 versu

511 2521 627 2563 priore
654 2519 808 2563 videbis,
833 2521 937 2554 mulsi
961 2520 1093 2555 turbidi
1124 2534 1183 2555 co-

1244 2467 1349 2502 hodie
1366 2469 1502 2508 szola,
1520 2468 1612 2502 unde
1626 2468 1712 2501 lanae
1727 2467 1920 2501 Canusinae.

1299 2536 1331 2555 2.
1349 2522 1423 2554 Non
1437 2524 1500 2554 cito
1509 2521 1569 2566 fiet
1583 2534 1672 2554 alnes.
1692 2520 1766 2553 Hoc
1781 2528 1848 2559 est,
1870 2531 1923 2552 vo-

508 2572 615 2606 lorem
646 2574 854 2608 referebant.
886 2575 1076 2609 Canusium
1103 2588 1185 2608 xero
1245 2575 1306 2608 stis
1329 2588 1367 2607 ex
1391 2575 1455 2608 liae
1478 2575 1554 2608 lana
1579 2575 1733 2607 confecta
1757 2586 1826 2606 non
1851 2572 1921 2606 cito

513 2627 705 2669 Apulorum
740 2628 956 2661 Dauniorum
990 2627 1182 2673 oppidum,

1246 2627 1434 2661 detes-etur.
