1901 3259
313 234 890 281 EPIGRAMMATUM
927 233 1052 276 LIB.
1091 233 1229 274 XIV.

1376 228 1465 275 251

683 385 873 444 CLII.

451 541 694 572 GAUSAPE
741 540 1091 579 QUADRATUM.

143 649 346 692 LomcEs
374 647 518 690 mittet
542 646 659 691 docti
687 646 765 690 tibi
788 656 905 690 terra
930 643 1116 699 Catulli3

211 718 304 762 Nos
333 715 586 761 Helicaonia
610 717 664 761 de
689 718 868 778 regione
890 732 1050 760 sumus.

143 857 372 928 Στρώματα
393 857 462 916 μὲν
487 854 637 916 πέμψει
656 855 800 926 λογίου
820 857 882 897 σοὶ
902 859 997 914 γαῖα
1018 854 1250 896 Κατύλλου

214 916 338 985 Ημεῖς
367 920 405 968 δ’
434 926 549 985 ἐσμὲν
580 928 680 986 ὅρων
711 921 753 975 ἐξ
779 916 1039 968 Ελικαονίων.

130 1076 161 1097 1.
183 1063 282 1095 Terra
300 1061 434 1095 Catulli.
449 1062 602 1095 Verona.

129 1128 161 1149 2.
183 1116 345 1160 Lycaonia
374 1114 410 1147 'm
437 1126 547 1160 marg.
572 1112 628 1147 ed.
651 1113 744 1147 Lan·

74 1168 142 1214 gii;
166 1167 266 1214 quod
291 1167 415 1201 falsum
439 1179 510 1200 esse
533 1174 647 1212 patet,
668 1174 746 1200 tum

74 1222 119 1255 ob
129 1222 270 1266 syllabae
282 1220 404 1267 primae
414 1220 642 1265 quantitatem
651 1245 660 1261 ‚
671 1231 747 1265 quae

73 1275 187 1308 brevis
212 1283 278 1316 est,
305 1272 390 1306 dum
416 1281 532 1307 tamen
562 1274 665 1318 longa
691 1272 749 1306 hic

75 1339 147 1361 esse
166 1326 332 1368 deberet,
349 1335 424 1360 tum
442 1327 489 1359 oh
513 1338 632 1360 sensus
655 1325 748 1359 falsi-

76 1389 192 1414 tatem.
204 1379 304 1422 Quid
319 1379 412 1413 enim
426 1392 497 1413 esse
511 1378 666 1413 dicemus
678 1379 749 1425 Ly·

75 1434 233 1467 caoniam
251 1432 457 1479 regionem?
476 1433 548 1466 Aut
569 1430 752 1467 Arcadiam

76 1499 182 1532 quam
207 1487 297 1520 rexit
322 1486 406 1519 olim
427 1493 598 1531 tyrannus
630 1486 752 1519 imma-

77 1539 130 1572 nis
148 1540 291 1585 Lycaon
306 1564 315 1581 ‚
336 1538 395 1585 qui
416 1551 435 1572 a
453 1539 541 1573 Jove
562 1539 600 1571 in
626 1539 749 1584 lupum

76 1600 228 1626 mutatus
243 1619 252 1635 ,
268 1593 367 1637 cujus
383 1600 463 1638 post
480 1591 626 1625 exitium
644 1591 750 1637 quin-

77 1645 238 1691 quaginta
255 1644 321 1679 filii
345 1643 492 1679 totidem
510 1645 634 1685 urbes,
655 1644 750 1690 quis-

803 1072 872 1106 que
893 1058 937 1093 de
958 1059 1104 1092 nomine
1124 1070 1188 1091 suo
1201 1080 1211 1097 ‚
1234 1055 1425 1090 condidere
1446 1065 1479 1091 et

803 1125 922 1146 rexere
940 1127 948 1153 ;
977 1119 1038 1145 aut
1055 1123 1130 1144 eam
1151 1109 1379 1156 Cappadociae
1398 1122 1477 1155 par-

804 1174 877 1200 tem
911 1177 986 1211 quae
1023 1165 1194 1198 orientem
1230 1171 1265 1196 et
1298 1161 1481 1197 meridiem

805 1231 924 1253 versus
943 1219 1007 1252 sita
1029 1217 1188 1259 Isauriae,
1208 1215 1345 1250 Pisidiae
1366 1224 1400 1249 et
1419 1215 1482 1249 Ca-

808 1273 931 1306 taoniae
952 1271 1066 1305 vicina
1086 1271 1165 1304 fuit.
1188 1269 1296 1315 Atqui
1321 1277 1482 1302 neutram

808 1338 827 1359 e
843 1325 1049 1371 regionibus
1070 1324 1124 1357 his
1148 1322 1307 1356 videmus
1329 1324 1483 1367 gausapi-

809 1380 857 1412 nis
878 1379 1050 1412 celebrem
1066 1389 1076 1419 ;
1095 1374 1191 1422 quod
1210 1384 1326 1409 tamen
1344 1374 1402 1408 hic
1419 1386 1481 1407 ne·

810 1431 997 1465 cessarium
1018 1431 1119 1464 foret.
1145 1430 1214 1463 En.
1229 1448 1282 1456 —
1299 1428 1369 1462 Nos
1387 1427 1484 1461 Heli-

810 1487 934 1518 caonia.
946 1485 1023 1517 Hoc
1039 1492 1089 1517 est
1100 1510 1110 1527 ,
1124 1482 1300 1516 Patavina.
1311 1480 1406 1514 Vide
1420 1480 1483 1513 lib.

811 1538 864 1579 X,
885 1538 1086 1583 epigramm.
1104 1548 1208 1570 xc111.
1232 1535 1382 1580 Gausape
1402 1545 1486 1566 vero

811 1591 1006 1636 stragulum
1031 1598 1105 1623 erat
1131 1589 1280 1622 militare
1311 1585 1486 1622 crassioris

810 1642 862 1676 fili
887 1643 1096 1688 artificiique
1113 1641 1258 1675 vilioris.

661 1774 895 1832 CLIII.

555 1909 1007 1958 snmlcnvcrmmf

149 2048 250 2090 DET
281 2046 473 2089 tunicam
501 2044 621 2088 dives
643 2062 650 2087 :
682 2060 763 2106 ego
788 2053 830 2088 te
853 2044 1117 2105 praecingere
1143 2059 1333 2104 possum.

219 2118 369 2160 Essem
397 2117 431 2159 si
456 2114 649 2176 locuples
664 2151 675 2171 ‚
699 2130 858 2158 munus
883 2123 1119 2174 utrumque
1142 2113 1304 2158 darem.

149 2239 347 2287 Πλούσιος
373 2239 521 2297 εἵματα
546 2231 659 2291 δοίη,
687 2240 761 2279 ὑπο

790 2238 933 2295 ώσοιμι
962 2230 1000 2278 δ’
1032 2237 1110 2296 ἐγώ
1136 2251 1192 2277 σε·

220 2308 402 2367 Εὕπορος
433 2307 483 2350 ὢν
514 2304 559 2349 ἂν
586 2302 686 2350 ἔδων
714 2302 827 2365 δῶρά
854 2323 916 2349 σοι
941 2306 1164 2365 ἀμφότερα.

135 2434 151 2448 ”
171 2434 416 2469 Semicinctium.
434 2436 566 2470 Gallice
583 2437 706 2470 tablier.

140 2500 172 2521 1.
189 2489 345 2533 Locuples
365 2488 493 2533 legitur
511 2489 548 2522 in
569 2501 678 2534 marg.
702 2488 757 2522 ed·

83 2541 216 2586 Langii.

139 2606 171 2627 2.
193 2593 289 2626 Dives
317 2593 353 2626 in
380 2592 515 2627 eodem.
530 2612 586 2621 --
602 2595 713 2626 Essem
734 2597 763 2626 si

87 2646 238 2690 locuples.
260 2646 380 2691 Inquit
401 2646 507 2680 Poeta
522 2669 531 2685 ‚
553 2647 679 2680 Darem
705 2655 760 2680 tu-

819 2436 935 2469 nicam
973 2442 1007 2468 et
1042 2432 1308 2467 semicinctium.
1340 2431 1491 2464 Tunicam

821 2488 936 2534 accipe
966 2499 1032 2532 pro
1066 2498 1104 2519 ea
1141 2498 1218 2531 quae
1248 2484 1344 2518 carni
1374 2483 1491 2529 proxi-

820 2541 924 2582 mior,
942 2552 1067 2585 quam,
1085 2546 1124 2571 ut
1145 2538 1233 2571 mihi
1261 2537 1410 2578 videtur,
1433 2545 1489 2569 tu-

820 2594 934 2627 nicam
966 2592 1119 2631 lineam,
1147 2591 1200 2623 vel
1234 2590 1337 2624 imam
1374 2588 1490 2623 dicere

822 2658 1014 2691 possumus.
1036 2642 1181 2689 Bayfius.
