1901 3259
341 227 925 270 EPIGRAMMATUM
968 227 1092 268 LIB.
1134 228 1273 269 XIV.

1411 225 1508 289 259

654 377 958 435 CLXVII.

673 533 945 561 PLECTRA.

175 663 383 704 FssnviDA
410 659 590 702 netrsto
617 657 871 719 ubipossum
899 657 1265 719 pussuhisurgan

245 732 469 774 Exornent
494 728 678 773 docilem
705 728 877 789 garrula
904 728 1068 790 plectra
1092 728 1240 789 lyram.

175 868 431 930 Θλιὲομένων
450 870 622 929 λιχοίνων
642 872 705 912 ἶνα
725 873 782 929 μή
801 888 861 913 σοι
883 871 1048 928 φλυκτὶς
1069 874 1195 930 ὀρώρῃ
1208 907 1218 925 ,

234 943 360 1001 Λιγέα
380 940 624 998 κάλλυντρον
644 945 831 1000 πλῆκτρα
850 944 1005 1001 γένοιτο
1023 944 1136 1002 λύρῃ.

163 1089 195 1110 1.
214 1077 335 1109 Pusula
362 1076 491 1120 Delph.
518 1075 554 1108 in
581 1084 697 1116 textu,
724 1076 783 1109 sed

102 1129 231 1174 pustula
246 1129 282 1161 in
297 1130 447 1174 Interpr.
462 1129 539 1162 Hoc
551 1128 685 1162 habent
703 1128 783 1162 edd.

107 1182 184 1216 Par.
212 1184 324 1227 1617.
345 1181 520 1215 Schrevel.
544 1181 658 1215 Maitt.
681 1182 783 1215 Barb.

107 1236 201 1268 Dant
217 1247 301 1268 vero
312 1235 440 1280 pulsula
454 1233 531 1268 Ald.
549 1235 650 1268 Junt.
668 1235 783 1268 Colin.

113 1305 126 1317 «
134 1288 328 1333 V.pustula,
339 1286 677 1333 quaeetpusula.Vid.
686 1288 784 1321 Junii

109 1341 294 1374 Nomencl.
312 1341 446 1375 Paluda
463 1340 545 1385 legit
561 1340 747 1374 Domitius.
765 1357 778 1370 n

109 1394 220 1437 Mat-g.
244 1393 320 1428 edit.
345 1394 452 1428 Paris.
477 1395 584 1438 1617.
609 1393 784 1427 Domitius

110 1445 318 1479 Calderinus
348 1454 446 1479 notat
476 1446 561 1479 alios
589 1445 694 1479 codd.
722 1447 784 1480 ha-

109 1499 191 1532 bere
208 1497 244 1532 id
259 1499 399 1544 pulsula.
418 1520 468 1525 —
482 1500 516 1532 F
515 1499 621 1532 ervidcc
640 1512 678 1531 ne
698 1502 783 1532 trito.

846 1077 914 1118 Qui
934 1078 1027 1110 enim
1050 1077 1158 1111 nudis
1177 1077 1294 1123 digitis
1308 1104 1316 1120 ,
1334 1089 1366 1112 et
1391 1080 1521 1125 absque

844 1130 966 1174 plectri
985 1142 1054 1175 ope
1068 1130 1235 1164 citharam
1251 1132 1390 1177 pulsare
1413 1133 1500 1165 solet
1513 1159 1523 1174 ‚

845 1194 1084 1228 saepenumero
1107 1183 1254 1229 digitum
1280 1184 1439 1226 oblaedit,
1460 1187 1522 1231 qui

845 1235 1062 1276 intumescit,
1079 1245 1110 1270 et
1127 1236 1242 1278 dolet,
1258 1246 1291 1270 et
1310 1239 1447 1283 pustula
1460 1266 1469 1275 ,
1486 1247 1523 1272 ut

845 1289 961 1329 aiunt,
976 1297 1062 1322 tunc
1074 1290 1222 1323 laborat.
1237 1291 1423 1324 Turnebus
1436 1318 1444 1333 ‚
1462 1292 1522 1325 lib.

845 1342 896 1374 IX
911 1367 920 1382 ‚
941 1354 1016 1387 cap.
1041 1346 1097 1382 24.
1467 1385 1472 1388 ῃ

901 1408 934 1428 2.
954 1395 1113 1428 Eaeorent.
1131 1395 1184 1429 ed.
1201 1397 1301 1429 Barb.
1321 1406 1354 1429 et
1375 1397 1423 1431 sic
1438 1397 1523 1429 alios

843 1447 959 1492 legere
979 1457 1078 1481 notat
1097 1448 1211 1482 editor
1231 1449 1358 1495 Delph.
1381 1451 1524 1482 Eam-net

845 1500 919 1533 MS.
940 1501 1075 1534 Beverl.
1104 1503 1166 1547 qui
1193 1502 1299 1535 habet
1321 1503 1457 1535 candida
1475 1503 1522 1546 stl-

644 1619 990 1677 CLXVIII.

665 1750 967 1798 TRocuus*

183 1873 463 1916 INDUCENDA
487 1879 583 1913 rota
609 1879 673 1912 est
696 1886 706 1912 ε
733 1869 808 1912 das
836 1870 960 1914 nobis
992 1870 1094 1914 utile
1118 1889 1289 1917 munus.

251 1943 338 1985 Ista
367 1940 546 1984 trochus
569 1940 713 2000 pueris
729 1975 739 1992 ‚
765 1949 809 1983 at
838 1941 942 1984 mihi
968 1942 1153 1986 canthus
1183 1945 1276 1987 erit.

166 2061 182 2076 *
208 2064 359 2096 Trochus.
380 2061 436 2094 Sic.
456 2074 473 2094 a
489 2061 658 2093 Turneho
678 2060 787 2105 expli-

113 2125 222 2158 catur,
243 2116 305 2149 lib.
325 2115 465 2148 XXVII
478 2136 487 2150 2
512 2113 620 2159 epigr.
640 2126 759 2146 xxx111
779 2125 787 2146 :

114 2171 198 2203 Erat
215 2177 329 2202 autem
349 2180 456 2213 genus
475 2165 550 2199 ludi
569 2166 765 2200 Graecanici
777 2192 787 2208 ‚

113 2231 153 2256 ut
189 2222 334 2255 nomine
366 2221 433 2266 ipsi
469 2219 644 2253 indicatur
667 2231 677 2261 ;
711 2227 788 2252 rota

115 2275 208 2308 enim
234 2282 306 2308 erat
327 2286 444 2307 ansam
468 2273 622 2312 habens,
640 2280 680 2305 ut
704 2272 788 2305 faci-

114 2328 182 2361 lius
205 2327 422 2366 mitteretur3
444 2326 588 2359 axiculis
610 2333 788 2370 compacta

117 2380 318 2414 transversis
328 2379 519 2424 jaciebatur
531 2390 539 2411 z
553 2390 709 2422 quorum
725 2378 790 2411 cla-

117 2433 238 2466 viculae
249 2439 283 2465 et
293 2431 525 2465 commissurae
536 2430 677 2464 aduncae
685 2456 694 2470 ‚
705 2429 789 2463 dum

118 2485 317 2519 versabatur
341 2483 441 2517 missa
467 2492 541 2516 rota
557 2509 566 2524 ‚
587 2483 641 2516 vel
667 2483 791 2516 missus

118 2538 212 2571 orbis
225 2563 235 2578 ‚
276 2536 474 2570 tinniebant
515 2545 548 2569 et
589 2537 790 2580 crepabant.

119 2592 222 2624 Unus
241 2597 356 2623 autem
381 2597 453 2622 erat
484 2601 523 2621 ex
552 2587 644 2620 ludis
673 2590 792 2621 Romae

121 2642 362 2677 usitatissimis.
393 2642 514 2674 Horat.
546 2641 607 2673 lib.
627 2641 679 2673 111
693 2666 702 2680 ‚
723 2640 790 2673 Od.

848 2073 949 2103 xxw,
973 2075 1020 2095 vs.
1041 2064 1105 2102 56,
1128 2065 1188 2109 57,
1214 2065 1367 2100 «ludere
1386 2068 1524 2103 doctior

849 2114 916 2147 Seu
926 2115 1049 2149 Graeco
1058 2118 1178 2162 jubeas
1189 2120 1313 2152 trocho
1327 2134 1359 2163 »3
1373 2131 1405 2155 et
1416 2123 1522 2157 Ovid.

848 2165 892 2199 de
914 2169 988 2202 Art.
1013 2170 1090 2203 Am.
1117 2171 1194 2213 III,
1216 2171 1287 2206 383
1308 2185 1316 2206 :
1335 2175 1435 2208 «Sint
1454 2176 1520 2209 illis

848 2220 1047 2267 celeresque
1065 2223 1166 2268 pilae,
1185 2225 1431 2273 jaculumque,
1451 2237 1522 2262 tro-

847 2273 1024 2319 chisque.»
1051 2276 1193 2310 Mittere
1212 2287 1330 2312 autem
1354 2282 1522 2322 scienter,

849 2327 931 2360 artis
954 2336 1025 2360 erat
1041 2341 1114 2361 non
1137 2331 1301 2375 vulgaris.

908 2392 938 2412 1.
955 2381 1010 2412 Da
1032 2381 1107 2414 MS.
1124 2383 1258 2417 Beverl.

907 2444 940 2466 2.
957 2432 1109 2467 Canthus.
1142 2435 1293 2476 Quidam
1324 2450 1395 2470 non
1435 2440 1524 2473 bene

852 2493 980 2525 cantus,
999 2498 1063 2531 per
1079 2487 1146 2520 hoc
1166 2489 1396 2535 intelligentes
1416 2492 1526 2537 frago-

850 2549 942 2579 rem,
984 2540 1184 2585 strepitum,
1222 2542 1370 2575 tinnitus
1410 2545 1523 2577 trochi

850 2590 958 2623 missi.
974 2592 1064 2631 Alii,
1084 2601 1121 2624 ut
1138 2606 1200 2625 nos
1216 2595 1345 2627 canthus
1361 2623 1368 2635 ‚
1392 2597 1522 2630 ferrum

853 2655 994 2687 nempe,
1014 2657 1083 2689 qno
1104 2645 1234 2678 circum
1260 2656 1333 2681 rota
1353 2650 1526 2683 munitur.

1234 2718 1315 2777 17'
