2044 3292
554 227 643 273 156

924 232 985 273 M.
1011 233 1085 274 VA
1102 233 1149 274 L.
1190 232 1238 274 M
1252 234 1283 274 A
1298 233 1381 275 RT
1396 234 1411 276 1
1424 236 1460 277 A
1472 234 1536 277 LI
1550 235 1579 276 S

1153 383 1344 440 CXV.

1109 539 1386 569 CAECUBUM.

615 664 815 706 CAECUBA
841 660 1062 705 Fundanis
1089 678 1298 723 generosa
1325 674 1575 725 coquuntur
1599 664 1818 725 Amyclis3

684 733 794 776 Vitis
823 741 866 775 et
890 733 935 775 in
959 732 1100 776 media
1122 742 1223 777 nata
1245 733 1403 795 palude
1429 736 1551 779 viret.

611 855 838 903 Φουνδαναὶ
859 862 1066 921 κομέουσιν
1094 859 1135 904 ἐῢ
1164 860 1389 906 Καίκουέον
1415 851 1603 923 Ᾰμυκλαι
1619 898 1629 917 ,

681 919 873 991 Ᾰμπελος
903 933 940 974 ἔν
970 949 1015 975 τε
1041 933 1150 990 μέσῳ
1175 940 1281 992 φῦσα
1307 934 1468 982 τέθηλεν
1494 936 1586 977 ἕλει.

600 1070 630 1090 ι.
646 1057 677 1090 C
675 1058 803 1090 aluntur
811 1070 876 1104 pro
891 1066 1066 1105 coquuntur
1076 1059 1219 1094 exhibet

543 1109 617 1144 MS.
648 1110 781 1144 Beverl.
799 1132 852 1138 —-
871 1111 1020 1146 Caecuba.
1055 1112 1219 1154 Quorum

543 1163 759 1197 mentionem
793 1164 874 1198 facit
897 1164 982 1198 Hor.
1005 1165 1068 1198 lib.
1095 1166 1134 1207 Ι,
1157 1165 1218 1199 od.

544 1229 684 1259 xxxvn,
707 1217 766 1251 lib.
789 1218 844 1259 ΙΙ,
867 1217 927 1251 od.
949 1230 1029 1257 xw,
1055 1227 1089 1252 et
1108 1219 1220 1265 pluri-

544 1270 606 1303 bus
627 1270 702 1303 aliis
719 1271 816 1304 locis.
838 1272 889 1304 De
904 1271 972 1304 hoc
989 1271 1122 1306 Plinius
1134 1297 1143 1310 ,
1158 1272 1220 1306 lib.

544 1323 644 1364 XIV,
660 1336 734 1369 cap.
751 1327 771 1358 6
789 1336 798 1357 ε
814 1341 826 1353 ιι
843 1325 956 1358 Antea
975 1325 1128 1359 Caecubo
1148 1333 1222 1360 erat

543 1377 755 1421 generositas
792 1377 1016 1411 celeberrima
1050 1378 1086 1411 in
1118 1379 1220 1424 palu-

545 1430 673 1463 stribus
691 1431 866 1475 populetis
878 1456 887 1472 ,
905 1431 984 1464 sinu
1005 1431 1197 1477 Amyclano
1210 1457 1219 1473 ‚

543 1481 639 1527 quod
661 1484 730 1528 jam
751 1482 931 1517 intercidit
951 1492 985 1517 et
1003 1484 1139 1518 incuria
1160 1497 1218 1518 co·

1278 1060 1351 1093 loui
1369 1060 1505 1105 locique
1523 1059 1701 1106 angustia,
1717 1059 1825 1104 magis
1843 1067 1956 1092 tamen

1278 1113 1367 1147 fossa
1388 1113 1542 1147 Neronis
1553 1138 1563 1155 ‚
1583 1125 1689 1159 quam
1704 1125 1722 1145 a
1737 1112 1868 1146 Baiano
1881 1111 1958 1145 lacu

1280 1166 1412 1200 Ostiam
1437 1179 1546 1212 usque
1566 1165 1797 1211 navigabilem
1819 1164 1959 1198 inchoa-

1280 1220 1558 1253 verae-Volunt
1570 1219 1628 1253 alii
1645 1231 1720 1252 eam
1734 1219 1770 1251 in
1789 1218 1887 1251 Italia
1903 1229 1959 1250 ur-

1279 1273 1360 1306 bem
1370 1299 1379 1314 ‚
1391 1273 1618 1307 Terracinam
1629 1272 1722 1305 inter
1734 1279 1768 1305 et
1781 1270 1936 1305 Caietam
1949 1296 1959 1312 ,

1281 1338 1298 1358 a
1322 1326 1544 1371 serpentibus
1572 1324 1734 1358 deletam.
1761 1323 1846 1357 Aliae
1877 1332 1960 1357 sunt

1281 1379 1434 1424 Amyclae
1451 1379 1488 1412 iu
1504 1378 1677 1419 Laconia,
1690 1377 1735 1411 de
1753 1377 1879 1422 quibus
1895 1376 1957 1410 lib.

1281 1433 1350 1473 IX,
1373 1432 1483 1477 epigr.
1504 1444 1622 1465 Lxxw.
1645 1432 1696 1465 De
1715 1430 1870 1476 Amyclis
1889 1430 1958 1462 Ita-

1279 1485 1334 1518 liae
1355 1485 1490 1518 Plinius
1508 1485 1569 1518 lib.
1591 1485 1700 1526 VIII,
1719 1495 1793 1529 cap.
1819 1496 1878 1528 29.

1145 1620 1371 1678 CXVI.

1098 1765 1407 1795 SIGNINUM.

618 1880 813 1923 Po'rAssts
837 1878 1048 1939 liquidum
1072 1880 1251 1940 Signina
1273 1879 1491 1923 morantia
1518 1888 1737 1931 ventreni;

685 1950 752 1992 Ne
775 1950 958 1993 nimium
985 1950 1162 2002 sistant,
1184 1951 1238 1993 sit
1257 1949 1335 1993 tibi
1358 1965 1489 2010 parca
1514 1950 1617 1994 sitis.

607 2087 635 2107 1.
653 2075 800 2119 Signina.
815 2076 844 2108 E
866 2074 982 2120 Signia
997 2087 1082 2120 opp.
1102 2074 1222 2108 Italiae.

549 2148 598 2153 „-
621 2127 785 2161 Moru-ntia
815 2136 961 2161 ventrem.
988 2127 1150 2161 Sistentia
1176 2127 1223 2160 al-

550 2194 644 2214 vum.
662 2181 752 2214 Plin.
769 2181 829 2214 lib.
848 2181 949 2222 XIV,
964 2193 1038 2226 cap.
1057 2183 1090 2214 6.

606 2247 636 2266 2.
659 2234 709 2267 Ne
733 2237 813 2267 tanti
846 2233 924 2267 cod.
954 2234 991 2266 in
1025 2246 1132 2279 marg.
1166 2232 1223 2266 ed.

551 2287 627 2320 Par.
656 2290 765 2333 1617.
779 2283 830 2319 Νε
850 2289 978 2320 nimium
1005 2289 1105 2319 sitias.
1121 2285 1225 2328 Quod

549 2340 701 2386 primus,
721 2350 758 2374 ut
777 2353 868 2382 reor,
890 2339 1031 2374 videtur
1051 2340 1225 2374 Gruterus

549 2393 736 2439 subjecisse
756 2406 774 2426 e
793 2393 892 2427 MSS.
912 2392 1123 2439 quibusdam
1142 2393 1222 2426 suis.

550 2447 696 2481 Prorsus
727 2446 896 2493 illepide:
924 2459 992 2492 qua
1027 2455 1142 2480 tamen
1167 2446 1227 2479 ille

551 2508 631 2533 nota
655 2501 730 2546 tigit
750 2501 891 2534 alteram
915 2500 1111 2533 lectionem.
1136 2499 1225 2532 Nam

550 2553 577 2586 si
605 2554 696 2588 hanc
719 2553 892 2599 accipias,
912 2552 1129 2598 superfluum
1159 2552 1226 2585 erit

550 2619 673 2648 omne,
689 2606 785 2652 qnod
800 2607 1035 2653 subsequitur.
1057 2606 1225 2639 Absoluta

551 2661 642 2692 enim
668 2662 753 2694 thret
775 2662 964 2698 sententia,
991 2660 1036 2693 ita
1062 2668 1099 2692 ut
1123 2659 1224 2692 intel-

1283 2075 1448 2120 ligeretur
1461 2086 1469 2107 :
1482 2087 1526 2107 ne
1543 2074 1673 2108 scilicet
1689 2072 1818 2106 duritia
1834 2073 1900 2105 alvi
1916 2073 1962 2105 la-

1284 2128 1408 2160 borare
1445 2127 1601 2172 incipias.
1630 2125 1737 2168 Quod
1762 2126 1790 2158 si
1819 2124 1962 2159 dixisset

1286 2180 1429 2226 Signina
1464 2180 1557 2213 sitim
1595 2178 1810 2219 accendere,
1837 2178 1962 2223 aliquis

1285 2246 1404 2267 sensus
1416 2238 1463 2277 τῷ
1476 2235 1566 2265 siiias
1579 2241 1697 2278 posset
1709 2231 1800 2265 dari:
1813 2243 1958 2276 nempe,

1285 2299 1329 2320 ue
1346 2286 1495 2319 nimium
1513 2286 1625 2327 sitias,
1643 2298 1747 2331 parce
1765 2285 1875 2318 bibas.
1893 2282 1961 2317 Sed

1285 2352 1357 2373 non
1383 2339 1450 2373 hoc
1478 2339 1687 2373 criminatur
1715 2339 1752 2371 in
1777 2338 1845 2371 illis
1866 2337 1962 2370 Mar-

1285 2393 1384 2426 tialis.
1423 2392 1548 2425 Morari
1575 2401 1714 2425 ventrem
1747 2403 1809 2425 seu
1844 2391 1962 2423 alvum

1286 2446 1407 2479 sistere
1432 2445 1544 2479 dixit:
1566 2445 1657 2479 Huic
1683 2443 1963 2479 commodissime

1285 2499 1510 2544 subjungitur
1526 2511 1533 2532 :
1549 2499 1602 2531 Ne
1615 2498 1764 2533 nimium
1779 2504 1963 2530 morentur

1286 2553 1338 2585 vel
1369 2552 1511 2593 sistant,
1542 2552 1598 2585 siti
1628 2552 1682 2585 fac
1707 2560 1878 2596 temperes
1894 2575 1904 2589 ‚
1927 2556 1963 2582 et

1288 2618 1388 2651 parce
1412 2605 1520 2638 bibas.
1551 2604 1739 2639 Gronovius.
1759 2624 1811 2630 —-
1835 2603 1888 2637 Sit
1907 2602 1963 2635 tibi

1282 2673 1381 2702 star-ca
1403 2661 1479 2691 silii.
1506 2659 1610 2691 Parce
1630 2658 1721 2691 bibe.
1740 2655 1819 2690 Vid.
1846 2668 1959 2701 supra.
