2044 3292
522 266 585 319 84
905 263 967 306 M.
992 263 1135 306 VAL.
1176 262 1564 305 MARTIALIS

734 354 789 396 Et
819 352 975 395 tinctas
1002 349 1088 394 sale
1117 352 1338 411 pruriente
1366 350 1566 401 chartas,

734 424 946 477 Instanti,
972 421 1064 482 lege
1081 456 1092 476 ‚
1118 421 1233 465 Rufe
1261 438 1269 464 :

1298 420 1373 465 sed
1397 419 1542 482 puella

732 495 793 537 Sit
819 503 964 537 tecum
992 501 1088 547 tua,
1112 509 1165 535 ne
1190 491 1515 536 Thalassionem

730 564 902 608 Indicas
925 563 1125 607 manibus
1150 561 1415 617 libidinosis,

731 637 787 678 Et
814 636 892 678 fias
920 635 1011 677 sine
1039 633 1198 677 femina
1226 634 1422 676 maritus.

521 776 618 815 417:
639 787 651 799 «ι
671 769 744 801 Nec
770 767 831 813 qui
855 766 1054 813 composuit
1085 779 1199 812 nuper

519 820 718 867 Sybaritida
734 846 743 862 ‚
765 820 864 866 fugit.
888 838 900 849 »

575 877 608 910 3.
626 875 713 908 Sale.
736 874 851 916 Quem
869 881 1038 918 putavere
1057 871 1101 906 ad
1119 871 1198 905 lihi-

517 928 638 963 dinem
658 926 760 961 valde
777 926 968 961 stimulare.
987 924 1092 959 Unde
1115 926 1199 958 sala-

517 982 601 1016 citas
620 993 686 1028 pro
707 979 941 1026 impudicitia.
962 979 1053 1012 Hor.
1075 979 1137 1012 lib.
1158 979 1175 1011 I
1190 1003 1200 1017 ,

518 1044 580 1069 sat.
602 1047 632 1068 11
644 1060 654 1076 ‚
673 1033 718 1074 45
731 1058 741 1074 ,
752 1032 992 1078 «caudamque
1005 1033 1153 1066 salacem
1169 1049 1182 1061 »ι
1193 1057 1200 1064 .

572 1093 606 1129 4.
626 1089 778 1128 Instanti,
798 1087 885 1132 lege,
904 1087 998 1129 Rufe.
1024 1084 1079 1119 Ad
1101 1086 1200 1118 hunc

516 1142 646 1175 Rufum
668 1149 718 1174 est
739 1140 951 1186 epigramma
978 1151 1114 1177 LXVIH,
1137 1137 1199 1171 lib.

1260 766 1350 802 VII,
1381 773 1415 798 et
1451 765 1663 811 epigramma
1692 777 1728 798 1,1
1754 765 1814 798 lib.
1834 766 1937 799 VIII.

1317 819 1353 852 5.
1372 818 1432 859 Ne,
1454 826 1523 852 etc.
1543 818 1609 851 Illo
1627 817 1759 852 scilicet
1776 831 1794 850 e
1811 830 1938 864 genere

1260 872 1463 905 libellorum
1485 884 1571 917 quos
1588 883 1656 904 una
1673 879 1810 904 tantum
1831 884 1937 905 manu

1261 934 1380 959 tenere
1395 933 1456 958 est.
1470 943 1522 950 ——-
1538 925 1784 958 Thalassionem.
1803 925 1937 969 Conju-

1261 979 1336 1024 gale
1350 977 1450 1011 illud.
1471 979 1522 1010 De
1535 977 1761 1011 Thalassione
1777 976 1857 1011 vide
1874 978 1935 1011 lib.

1261 1032 1277 1064 I
1293 1056 1302 1074 ,
1323 1032 1433 1077 epigr.
1461 1043 1578 1064 xxxw.

1316 1097 1350 1129 7.
1373 1085 1420 1117 Et
1431 1083 1512 1130 fias,
1537 1091 1600 1117 etc.
1625 1084 1673 1117 Ut
1694 1083 1846 1118 vidimus
1866 1085 1936 1129 jam

1261 1137 1322 1170 lib.
1348 1138 1419 1177 IX,
1441 1137 1549 1182 epigr.
1571 1148 1659 1170 xu1.

1094 1276 1352 1333 XCVII.

1011 1430 1064 1458 IN
1107 1427 1441 1458 ZELOTYPAM.

584 1560 737 1616 QUUM
769 1555 846 1599 tibi
875 1563 979 1597 nota
1006 1553 1069 1596 tui
1096 1553 1150 1596 511
1172 1553 1260 1596 vita
1283 1552 1477 1613 fidesque
1502 1553 1668 1607 mariti,

654 1627 748 1671 Nec
778 1634 949 1687 premat
974 1622 1063 1667 ulla
1088 1633 1187 1667 tuos
1214 1622 1468 1667 sollicitetve
1494 1633 1634 1678 toros;

585 1698 730 1757 Quid‚
757 1697 880 1758 quasi
906 1693 1133 1756 pellicibus
1149 1729 1161 1750 ,
1187 1695 1401 1754 torqueris
1428 1695 1574 1754 inepta
1597 1695 1827 1749 ministris,

655 1771 708 1813 In
734 1767 892 1829 quibus
914 1775 958 1809 et
981 1765 1125 1809 brevis
1152 1774 1217 1809 est
1236 1775 1279 1808 et
1300 1764 1482 1826 fugitiva
1507 1764 1686 1809 Venus?

584 1840 686 1885 Plus
710 1839 789 1883 tibi
810 1853 941 1898 quam
966 1836 1146 1880 domino
1175 1850 1335 1896 pueros
1357 1845 1563 1896 praestare
1585 1836 1805 1896 probabo;

655 1912 714 1954 Hi
739 1909 928 1962 faciunt,
949 1917 998 1950 ut
1019 1908 1075 1951 sis
1098 1905 1260 1950 femina
1285 1904 1377 1950 sola
1405 1907 1511 1949 viro.

586 1983 644 2025 Hi
668 1981 796 2036 dant,
826 1977 944 2039 quod
974 1994 1063 2021 non
1094 1978 1159 2021 vis
1189 1992 1299 2021 uxor
1329 1976 1443 2020 dare.
1473 1978 1546 2020 Do
1574 1987 1742 2033 tamen,
1770 1980 1929 2039 inquis,

656 2051 723 2094 Ne
752 2066 887 2110 vagus
917 2064 942 2091 a
970 2047 1174 2091 thalamis
1205 2047 1403 2107 conjugis
1431 2057 1546 2090 erret
1575 2063 1709 2092 amor.

586 2125 688 2168 Non
714 2120 865 2165 eadem
896 2134 964 2162 res
986 2127 1081 2162 est:
1111 2118 1269 2161 Chiam
1298 2117 1422 2172 volo,
1452 2117 1554 2161 nolo
1584 2120 1830 2164 mariscam.

655 2192 723 2236 Ne
748 2190 918 2235 dubites
940 2205 1036 2249 quae
1062 2189 1115 2232 sit
1137 2188 1249 2232 Chia
1265 2223 1275 2238 ,
1300 2189 1484 2233 marisca
1506 2198 1580 2232 tua
1603 2199 1681 2233 est.

571 2349 601 2368 2.
619 2332 706 2366 Ulla.
719 2329 837 2363 Pellex
848 2354 856 2368 ‚
867 2336 924 2361 aut
942 2327 1006 2360 alia
1019 2334 1190 2359 matrona.

571 2390 604 2421 3
637 2385 807 2418 Ministris.
836 2380 957 2414 Pueris
981 2392 1070 2425 quos
1101 2388 1192 2412 amat

515 2443 572 2476 ille
588 2467 596 2480 ,
619 2437 715 2484 quasi
746 2434 781 2468 id
808 2433 983 2467 aemulatio
1009 2440 1045 2465 et
1071 2440 1192 2465 contu-

517 2495 620 2529 melia
641 2498 739 2524 esset.

572 2550 604 2579 6.
626 2543 702 2578 Sola
723 2545 804 2574 viro.
826 2540 875 2572 Ut
896 2550 967 2571 non
986 2545 1103 2570 utatur
1125 2536 1191 2569 alia

517 2600 643 2635 femina
665 2607 769 2642 quam
789 2602 832 2626 te.
884 2638 887 2639 γ

572 2666 604 2696 7.
631 2648 729 2693 Quod
747 2659 807 2679 non
828 2647 879 2677 ‘vis
898 2656 979 2677 taz-or
996 2643 1084 2675 dare.
1110 2642 1187 2675 Lib.

517 2709 566 2740 XI
576 2731 585 2745 ,
596 2702 685 2749 epig.
698 2712 801 2735 mxxvi
808 2711 834 2731 11
846 2710 853 2732 :
863 2714 876 2729 α
884 2697 996 2738 Uxor,
1007 2709 1076 2730 non
1089 2707 1190 2741 puer,

1252 2326 1316 2360 ista
1334 2326 1397 2359 tibi
1416 2335 1479 2359 est.
1498 2343 1511 2356 »
1533 2328 1651 2360 ——Do
1669 2336 1792 2368 tamen,
1814 2331 1926 2375 inquis.

1252 2378 1345 2412 Vide
1366 2379 1428 2413 lib.
1448 2380 1499 2412 XI
1514 2405 1522 2419 ‚
1542 2380 1652 2425 epigr.
1675 2393 1770 2421 κων,
1790 2395 1822 2415 2.

1306 2446 1339 2475 9.
1354 2432 1428 2464 Non
1444 2432 1550 2464 eadem
1568 2446 1616 2465 res
1632 2441 1688 2467 est.
1707 2433 1848 2468 Dictum
1868 2436 1926 2469 lib.

1251 2493 1284 2518 et
1306 2484 1415 2529 epigr.
1435 2484 1541 2517 modo
1563 2485 1686 2520 citatis.
1707 2487 1759 2520 De
1787 2488 1873 2521 Chia
1895 2496 1929 2521 et

1251 2537 1394 2570 marisca
1414 2539 1483 2581 jam
1505 2538 1565 2572 lih.
1588 2539 1678 2576 Vll,
1710 2540 1821 2586 epigr.·
1848 2554 1928 2575 xxv.

1252 2590 1317 2623 Hic
1333 2597 1447 2623 autem
1467 2591 1591 2624 Chiam
1603 2618 1612 2634 ‚
1631 2604 1707 2637 quae
1724 2593 1821 2628 novit
1839 2605 1930 2639 pun-

1250 2655 1350 2687 gere,
1385 2641 1429 2676 de
1461 2645 1579 2688 pueris
1613 2644 1717 2685 dicit,
1748 2646 1926 2680 mariscam

1252 2708 1333 2728 vero
1352 2696 1481 2730 fatuam
1502 2696 1545 2730 (le
1562 2698 1712 2731 seminis.
