2044 3292
514 181 605 228 136

880 186 939 228 Μ.
969 187 1048 229 VA
1064 187 1111 229 L.
1152 183 1540 228 MARTIALIS

1078 333 1373 390 LXXIX.

1101 472 1325 521 munus*

580 617 752 661 SPIRAT
778 618 821 659 in
847 616 1053 672 advecto,
1077 617 1151 661 sed
1177 617 1265 677 jam
1291 618 1434 678 piger,
1457 633 1630 678 aequore
1655 615 1840 673 mullus3

650 685 942 747 Languescit?
963 688 1109 731 vivum
1137 687 1191 731 da
1218 703 1362 744 mare,
1390 687 1514 732 fortis
1540 688 1632 731 erit.

580 827 734 887 Τρίγλα
753 828 998 884 συνεισάκτῳ
1016 834 1110 873 πνεῖ
1122 829 1248 881 νωθὴς
1266 824 1345 877 ἤδη
1368 831 1406 872 ἐν
1428 830 1550 889 ἅλμῃ·

652 889 855 958 Εκψύχεις
876 894 1001 959 ζωρῆν
1024 894 1118 950 δοὺς
1138 900 1217 953 ἅλ’,
1236 901 1500 961 ἀναφλογιεῒς.

568 1032 582 1046 ”
602 1036 752 1071 Scriver.
783 1046 818 1071 et
838 1037 972 1072 Arond.
994 1039 1092 1072 Malla⁴
1110 1041 1186 1072 vivi.

514 1109 566 1115 —-
589 1090 641 1124 De
677 1091 793 1124 avium
825 1090 1077 1125 delicatissimis
1110 1092 1189 1125 hac·

516 1150 642 1185 tenus3
667 1156 762 1178 nunc
787 1143 829 1178 ad
851 1144 960 1190 pisces
980 1145 1102 1178 transit
1119 1146 1189 1178 No-

516 1203 597 1237 ster,
619 1204 652 1229 et
673 1197 831 1230 omnium
852 1198 1007 1243 primum
1030 1198 1188 1231 nominat

515 1249 687 1294 optimum
711 1250 805 1284 hunc
824 1251 927 1284 simul
955 1259 989 1284 et
1010 1252 1191 1285 celeberri-

514 1314 611 1335 mum
622 1310 655 1335 et
668 1303 733 1348 ipsi
744 1303 896 1337 rhombo
913 1303 1003 1350 apud
1018 1306 1191 1337 Romanos

514 1352 588 1388 fere
613 1354 831 1401 adaequatum
855 1358 1014 1390 mullum.
1034 1358 1191 1403 Namque

1250 1038 1383 1073 dueret.
1397 1039 1510 1080 Quam
1523 1039 1568 1072 oh
1578 1051 1731 1073 caussam
1741 1047 1926 1085 antequam

1249 1093 1371 1138 coquis
1395 1091 1604 1134 traderetur,
1623 1105 1704 1125 eum
1728 1091 1926 1138 gaudebant

1250 1145 1379 1178 mensis
1391 1146 1512 1178 vivum
1532 1145 1664 1191 apponi
1682 1154 1715 1179 et
1734 1146 1792 1179 hic
1810 1146 1929 1179 vulne-

1249 1206 1363 1232 ratum
1386 1198 1570 1244 exspirare.
1595 1198 1662 1231 Εῐ).

1309 1264 1341 1284 1.
1375 1251 1496 1284 Avecto
1526 1251 1633 1284 Palat.
1672 1250 1815 1283 sldriaco
1845 1249 1924 1285 cod.

1251 1305 1385 1338 Beverl.
1408 1304 1566 1337 Advectos
1587 1303 1661 1337 MS.
1685 1303 1721 1337 in
1740 1315 1848 1349 marg.
1873 1302 1928 1337 ed.

1252 1357 1330 1391 Par.
1358 1359 1469 1402 1617,
1495 1357 1552 1402 qui
1576 1357 1682 1390 habet
1710 1366 1744 1391 et
1773 1364 1836 1388 tam
1862 1370 1928 1402 pro

515 1408 702 1454 aliquando
728 1412 854 1452 8,000‚
880 1411 988 1443 immo
1015 1418 1049 1444 et
1068 1423 1189 1451 10‚000
1244 1412 1323 1454 jam.
1338 1429 1388 1436 —a
1409 1410 1519 1456 Spirat
1538 1412 1569 1443 in
1589 1410 1726 1443 adeeczo.
1747 1410 1799 1443 De
1821 1410 1930 1443 mullo

515 1473 699 1495 nummum
725 1463 858 1497 mullus
877 1465 998 1497 Romae
1020 1464 1187 1497 constitit.

514 1514 596 1547 Juv.
619 1532 631 1544 u
648 1515 801 1549 Mullum
819 1529 878 1550 sex
894 1517 1048 1550 millibus
1066 1518 1160 1551 emit.
1171 1534 1184 1547 n

516 1566 555 1600 Id
583 1576 697 1601 autem
714 1582 941 1615 summopere
959 1570 1187 1610 mirabantur,

517 1620 616 1665 quod
642 1622 754 1656 varios
780 1623 936 1657 moriens
970 1623 1105 1657 colores
1135 1624 1189 1656 in·

1249 1463 1376 1509 saepius
1390 1464 1458 1510 jam
1480 1462 1634 1507 dictum,
1654 1463 1713 1509 qui
1727 1470 1848 1508 captus
1862 1462 1933 1495 lan-

1249 1517 1400 1562 guescit,
1425 1517 1507 1550 licet
1522 1516 1558 1549 in
1582 1528 1671 1562 aqua
1690 1516 1824 1550 marina
1843 1515 1931 1548 fera-

1251 1579 1318 1603 tur.
1339 1591 1392 1596 -—
1419 1570 1550 1603 ›lduecto
1565 1583 1687 1615 (equore
1701 1569 1825 1602 mullus.
1840 1569 1931 1601 Vase

1251 1623 1356 1668 pleno
1385 1635 1472 1668 aqua
1502 1623 1646 1656 marina.

1091 1759 1354 1816 LXXX.

1114 1897 1368 1946 MURAENAf

593 2044 708 2100 QUAE
741 2051 862 2086 natat
886 2043 927 2085 in
958 2041 1103 2086 Siculo
1135 2041 1310 2103 grandis
1341 2057 1536 2085 muraena
1566 2040 1814 2101 profundo⁷

663 2113 762 2158 Non
793 2112 909 2157 valet
938 2122 1134 2157 exustam
1166 2129 1364 2173 mergere
1388 2110 1487 2156 Sole
1512 2121 1670 2155 eutem.

594 2243 630 2296 H
654 2243 1029 2312 Σικελοῖςῖνῆχουσα
1051 2251 1181 2306 βυθοῖς
1202 2253 1257 2293 ἔνι
1274 2256 1416 2311 χρῶτα
1435 2251 1606 2310 μύραινα

665 2325 726 2366 Οὐ
746 2318 1064 2373 καταὲαπτίζειν
1084 2323 1325 2372 ήλιόκαυςον
1350 2322 1443 2380 ἔχει.

578 2445 712 2480 *Piscis
738 2445 1010 2492 pretiosissimus
1031 2446 1133 2490 cujus
1152 2445 1200 2478 la-

524 2508 595 2535 ctes
630 2499 807 2545 praecipue
841 2499 1078 2545 requirebant.
1113 2498 1200 2540 Qui-

1259 2444 1365 2487 bant‚
1387 2455 1464 2489 quae
1489 2441 1572 2476 inde
1601 2441 1808 2475 muraenaria
1834 2439 1938 2475 dicta.

1314 2511 1344 2531 2.
1367 2498 1441 2530 Non
1458 2496 1555 2529 valet.
1575 2494 1719 2529 Summa
1735 2496 1829 2528 enim
1850 2505 1940 2539 aqua

524 2552 625 2597 dam,
645 2561 685 2586 ut
703 2552 856 2587 famosus
873 2552 931 2586 ille
951 2551 1044 2585 Ved.
1066 2551 1179 2585 Pollio
1192 2577 1200 2592 ‚
1261 2551 1421 2583 innatans
1434 2548 1505 2583 sole
1517 2548 1697 2590 exuritur,
1709 2559 1774 2581 nec
1789 2546 1941 2592 amplius

522 2618 696 2641 muraenas
716 2606 751 2640 in
773 2605 916 2652 piscinis
934 2603 1058 2639 sedulo
1068 2604 1201 2638 nutrie-

1261 2611 1377 2650 potest
1401 2614 1545 2636 curvare
1564 2614 1618 2641 se,
1638 2613 1703 2635 nec
1720 2601 1937 2645 immergere.
