2044 3292
442 250 502 277 22

811 234 874 276 M.
907 236 1049 278 VAL.
1089 235 1486 278 MARTIALIS

649 321 752 366 Non
775 330 921 365 rector
947 322 1100 381 Libyci
1126 322 1249 382 niger
1273 319 1452 375 caballi,

650 391 909 436 Succinctus
934 408 1077 452 neque
1104 408 1258 436 cursor
1280 391 1509 436 antecedit.

650 461 879 522 Nusquam
905 472 970 506 est
989 461 1125 506 mulio
1150 480 1158 506 :
1181 461 1379 506 mannuli
1403 462 1623 507 tacebunt.

652 533 693 575 O
715 534 750 576 si
771 533 972 577 conscius
998 542 1111 577 esset
1133 533 1205 578 hic
1228 534 1407 590 Avitus,

651 604 816 646 Aurem
839 620 929 646 non
953 620 1035 663 ego
1056 605 1229 648 tertiam
1256 605 1472 649 timerem.
1837 633 1869 649 ω

581 700 592 707 -
654 675 791 718 Totus
817 689 951 734 quam
977 674 1088 719 bene
1112 676 1172 720 sic
1198 674 1290 719 dies
1317 671 1477 718 abiret!

498 790 532 822 6.
552 788 686 829 Vector,
713 787 794 824 edd.
812 797 897 822 vett.
924 797 958 822 et
976 789 1124 823 Farnab.

443 842 594 881 Vectus‚
611 841 742 875 scilicet
753 850 805 875 est
816 843 830 875 ὁ
843 843 1062 888 ὑποχώμενος
1077 837 1123 889 ἐφ’

441 895 566 932 ἵπποις.
578 893 635 927 Sic
649 895 762 927 vehere
773 908 852 942 equo
865 903 968 941 atque
984 898 1015 929 in
1031 910 1121 942 equo,

442 947 606 992 frequens
626 960 692 993 pro
714 948 816 989 vehi,
837 949 979 992 ὀχεῖσθαι
1001 951 1123 988 ἵπποις.

445 1000 582 1032 Cuballo
597 1000 672 1033 MS.
690 1000 940 1036 Beverlandus.
960 1018 1013 1024 —
1025 1003 1130 1047 Niger·

445 1053 572 1087 caballi.
598 1054 762 1095 Maurus,
787 1055 959 1101 Massylus
992 1068 1096 1101 eques
1115 1082 1123 1095 ,

445 1107 606 1140 omnium
635 1106 926 1153 expeditissimus.
955 1108 1042 1143 Vid.
1082 1108 1127 1142 ad

443 1159 506 1196 lib.
539 1160 609 1202 IX,
638 1161 747 1206 epigr.
777 1173 892 1202 xxm,
918 1174 968 1195 vs.
999 1166 1062 1203 14,
1092 1170 1126 1195 et

1187 790 1320 836 pariter
1336 791 1399 824 lib.
1425 790 1478 830 X,
1499 789 1609 836 epigr.
1632 802 1724 832 XIII,
1750 803 1802 825 vs.
1836 805 1869 825 2.

1242 845 1275 878 8.
1297 844 1457 878 Mannuli.
1485 843 1589 876 Parvi
1609 844 1689 889 equi
1717 844 1777 889 qui
1801 856 1872 878 ser-

1186 909 1308 931 mones
1322 906 1462 930 nostros
1477 909 1549 929 non
1565 895 1725 930 deferent
1736 922 1746 939 ‚
1763 908 1782 930 a
1795 897 1873 943 qui-

1184 951 1252 984 bus
1273 950 1407 984 scilicet
1428 950 1632 983 trahebatur
1651 950 1811 984 covinus.

1244 1015 1278 1047 9.
1302 1004 1430 1037 Amas.
1450 1002 1506 1036 Ad
1524 1016 1629 1049 quem
1645 1003 1818 1037 Martialis
1835 1003 1876 1036 li·

1187 1057 1253 1090 bro
1276 1057 1350 1094 IX,
1374 1057 1484 1102 epigr.
1509 1069 1534 1090 1.

1243 1121 1300 1143 10.
1317 1110 1438 1143 Aurem
1455 1121 1527 1142 non.
1548 1108 1645 1142 Aviti
1666 1109 1797 1143 scilicet
1814 1109 1875 1155 qui

1186 1163 1292 1196 verba
1302 1170 1421 1196 nostra
1433 1160 1598 1196 insidiose
1607 1174 1680 1196 non
1689 1163 1876 1209 exciperet.

1064 1270 1240 1325 XXV
1253 1316 1264 1325 .

896 1409 953 1437 IN
993 1389 1426 1439 THELESINUM.*

519 1508 673 1564 QUUM
686 1524 795 1569 rogo
813 1517 855 1552 te
872 1525 1077 1553 nummos
1089 1510 1182 1554 sine
1202 1511 1409 1572 pignore,
1422 1511 1524 1554 Non
1543 1510 1685 1556 habeo
1697 1545 1709 1566 ,
1723 1511 1878 1572 inquis.

592 1577 741 1632 Idem,
769 1579 804 1623 si
825 1596 906 1640 pro
926 1596 996 1623 me
1018 1581 1205 1642 spondet
1228 1580 1413 1642 agellus,
1436 1581 1586 1626 habes.

520 1648 654 1706 Quod
675 1648 783 1693 mihi
804 1667 893 1694 non
915 1651 1055 1695 credis
1081 1653 1216 1696 veteri
1230 1688 1241 1709 ,
1258 1652 1508 1708 Thelesine,
1533 1650 1691 1709 sodali,

596 1719 750 1764 Credis
773 1720 1007 1778 colliculis,
1030 1722 1349 1784 arboribusque
1371 1724 1495 1768 meis.

522 1791 639 1835 Ecce
664 1807 789 1835 reum
814 1793 955 1837 Carus
983 1802 1025 1837 te
1053 1793 1209 1838 detulit
1232 1812 1240 1838 :
1263 1793 1375 1838 adsit
1399 1793 1576 1855 agellus.
1869 1813 1882 1836 5

593 1861 744 1906 Exsilii
768 1864 974 1909 comitem
1001 1864 1186 1925 quaeris?
1211 1864 1376 1926 agellus
1397 1875 1477 1909 eat.

505 1966 520 1981 ⁴‘
539 1971 800 2007 Foeneratorem
814 1973 1064 2016 Thelesinum‚
1080 1976 1142 2020 qui

451 2024 543 2058 nihil
563 2025 680 2059 Poetae
695 2026 770 2059 sine
791 2026 940 2071 pignore
958 2027 1142 2070 credebat,

453 2078 616 2124 exagitat.
633 2078 764 2113 Scribit
784 2080 884 2126 quasi
900 2082 1022 2114 Romae
1041 2089 1141 2115 esset.

453 2131 612 2165 [tader-us.

510 2198 527 2218 2
535 2212 542 2219 .
551 2185 694 2231 Spondet
700 2185 832 2230 agellus.
842 2186 911 2227 Qui
923 2187 1053 2221 scilicet
1062 2200 1141 2233 pro-

452 2239 512 2272 bat
530 2251 586 2272 mc
603 2237 724 2272 debito
746 2246 808 2271 tuo
828 2240 928 2273 facile
947 2252 1086 2286 parem,
1108 2250 1142 2274 et

449 2304 532 2324 eum
553 2304 627 2326 esse
645 2292 709 2337 qui
723 2292 858 2325 solvere
880 2293 1033 2338 possim;
1052 2302 1085 2327 et
1102 2294 1139 2326 in

448 2357 557 2390 quem
571 2346 728 2390 irrogare
741 2346 850 2390 possis
864 2358 949 2391 quas
966 2360 1060 2380 nunc
1077 2360 1139 2380 vo-

446 2410 572 2433 camus
594 2398 816 2445 lzyymtlze‘ques.
840 2400 907 2432 En.

501 2451 536 2485 3.
561 2452 684 2486 Credis.
705 2450 746 2484 Id
767 2460 818 2485 est
835 2452 1038 2486 committis.

499 2509 534 2546 4.
558 2505 684 2539 Caulic.
704 2504 778 2538 MS.
796 2508 831 2538 in
847 2517 957 2551 marg.
980 2504 1034 2540 ed.
1057 2507 1136 2540 Par.

448 2559 561 2603 1617.
589 2559 700 2592 Codic.
724 2556 803 2592 cod.
822 2559 959 2593 Beverl.

497 2612 531 2645 5.
549 2613 650 2646 Reum
668 2625 759 2644 casus
773 2611 822 2645 id.
839 2611 962 2646 codex.
979 2612 1137 2646 ——Carus

441 2669 468 2693 tc
479 2664 609 2700 detulit..
621 2663 850 2700 Caussidicus
863 2674 896 2699 et
906 2663 1055 2710 delator,
1068 2667 1138 2699 Do-

1202 1975 1352 2009 mitiano
1367 1976 1561 2022 imperante
1575 1975 1885 2017 famosissimus,ut

1203 2028 1412 2062 Neronianis
1435 2029 1654 2074 temporibus
1676 2027 1805 2073 Eprius
1824 2028 1885 2061 ille

1203 2081 1410 2122 Marcellus3
1427 2080 1470 2115 de
1488 2094 1559 2127 quo
1575 2081 1756 2114 Juvenalis
1774 2088 1836 2114 sat.
1850 2081 1886 2123 I,

1203 2147 1254 2167 vs.
1275 2135 1336 2175 36,
1353 2142 1386 2167 et
1401 2135 1536 2168 Plinius
1554 2134 1710 2168 Caecilius
1726 2135 1804 2180 jun.
1821 2134 1884 2168 lib.

1201 2188 1232 2229 I,
1246 2188 1347 2233 epist.
1361 2201 1395 2229 v,
1409 2188 1599 2222 3.—Adsit
1609 2188 1740 2233 agellus.
1751 2187 1832 2221 Tibi
1848 2187 1886 2221 in

1199 2240 1351 2286 judicie,
1371 2253 1527 2274 caussam
1544 2249 1643 2274 tuam
1662 2249 1738 2286 agat
1754 2240 1886 2286 agellus

1202 2306 1318 2335 meus,
1334 2296 1391 2328 cui
1407 2294 1516 2340 magis
1532 2293 1645 2328 credis
1661 2306 1768 2340 quam
1783 2293 1885 2327 mihi.

1203 2347 1380 2392 Scoptice.

1255 2403 1290 2434 6.
1307 2401 1448 2434 Exsllio.
1463 2399 1537 2433 MS.
1553 2399 1590 2432 in
1607 2411 1718 2444 marg.
1733 2397 1789 2433 ed.
1807 2400 1886 2433 Par.

1205 2466 1218 2487 1
1229 2455 1249 2487 6
1260 2465 1318 2498 17.
1333 2475 1384 2479 -—
1400 2454 1522 2487 Exsilc'i
1539 2455 1691 2486 comitem.
1715 2451 1759 2486 Id
1778 2452 1887 2486 officii

1200 2514 1234 2539 et
1246 2506 1392 2540 honoris
1403 2506 1519 2551 magni
1529 2506 1607 2557 loco
1623 2506 1709 2539 olim
1722 2506 1888 2540 censeba-

1198 2567 1274 2601 tur,
1292 2559 1509 2594 exsulantem
1523 2567 1558 2593 et
1571 2559 1762 2605 profugum
1775 2559 1887 2604 patria

1198 2613 1322 2658 procul
1351 2612 1462 2658 sequi.
1490 2633 1542 2638 —-
1570 2613 1707 2657 Agellus
1722 2619 1785 2646 eat.
1805 2611 1887 2645 Non

1200 2677 1264 2711 ego
1279 2692 1288 2708 ,
1312 2674 1412 2700 vetus
1435 2664 1575 2700 sodalis.
