1901 3259
327 216 916 260 EPIGRAMMATUM
955 215 1078 257 LIB.
1118 214 1258 256 XIV.
1409 210 1503 255 205

601 367 975 425 CLXXIX.

487 525 747 555 MINERVA
787 501 1130 553 ARGENTEA.*

170 650 260 692 ch
290 649 420 705 mihi,
442 649 566 710 virgo
592 648 739 705 ferox,
764 664 899 709 quum
925 648 979 691 sit
1008 646 1084 690 tibi
1110 645 1240 690 cassis
1266 653 1309 688 ct
1337 643 1481 697 hasta,

242 719 391 776 Quare
415 735 503 764 non
531 719 692 764 habeas
720 717 884 780 aegida?
905 719 1050 763 Caesar
1076 716 1219 760 habet.

174 859 295 912 Εἰπὲ,
323 860 418 920 κόρη
448 867 651 921 γοργῶπι,
677 866 795 907 κυνῆν
824 861 1019 919 φορέουσα
1046 857 1112 901 καὶ
1139 858 1275 918 ἔγχος,

244 931 338 980 Πῶς
369 933 411 973 οὐ
440 926 629 984 βας-ἄξεις
656 924 817 991 αἰγίδα;
843 931 1001 988 Καῖσαρ
1028 929 1120 987 ἔχει.

157 1063 172 1079 '¹
190 1068 350 1114 Sigillum
379 1069 547 1103 Minervae
573 1077 773 1115 argenteum

106 1119 271 1154 describit
291 1122 440 1167 gerentis
464 1122 598 1156 hastam
619 1130 654 1156 et
673 1122 774 1156 cassi-

104 1172 185 1207 dem
205 1174 278 1208 sine
294 1174 423 1221 aegide3
440 1174 538 1221 quod
554 1184 671 1209 tamen
689 1176 776 1209 scuti

104 1239 225 1271 genus,
236 1236 420 1274 postquam
437 1229 467 1262 ei
482 1241 499 1261 a
514 1229 601 1261 Jove
611 1236 708 1274 patre
720 1227 777 1262 da-

107 1280 384 1326 tum‚praecipue
400 1281 591 1314 Minervam
604 1294 621 1314 a
638 1282 777 1315 Deabus

107 1332 182 1366 aliis
192 1333 225 1366 in
240 1333 445 1379 imaginibus
455 1335 642 1380 statuisque
653 1333 776 1368 distin-

107 1386 245 1430 guebat.
265 1387 308 1420 Et
323 1387 403 1420 hinc
419 1387 542 1432 arripit
563 1387 778 1422 occasionem

107 1437 275 1472 laudandi
306 1448 340 1473 et
367 1439 537 1474 exaltandi
560 1440 779 1486 imperatoris

109 1491 165 1524 cui
176 1516 185 1531 ‚
203 1504 305 1537 quam
319 1493 364 1525 ob
380 1505 533 1527 caussam
547 1494 663 1527 nescio
674 1519 684 1535 ‚
703 1493 767 1527 libi

110 1551 184 1577 tum
200 1545 265 1578 fuit
284 1545 369 1579 mira
386 1547 607 1580 veneratione
621 1547 780 1580 castimo-

833 1069 918 1109 niae,
933 1067 1108 1114 sapientiae
1118 1091 1128 1108 ‚
1144 1064 1394 1099 moderationis
1404 1066 1509 1097 Deam

835 1120 1013 1167 prosequi,
1023 1129 1056 1154 et
1068 1119 1164 1153 illius
1174 1119 1287 1152 filium
1297 1130 1332 1151 se
1342 1117 1513 1163 profiteri.

836 1174 929 1208 Dicit
943 1186 1070 1219 nempe
1082 1171 1172 1206 tradi
1182 1185 1200 1206 a
1215 1170 1354 1204 Pallade
1367 1170 1513 1209 Caesari,

836 1241 854 1261 a
877 1236 988 1261 matre
1007 1227 1081 1260 filio
1103 1225 1224 1271 aegida.

893 1294 923 1314 2.
942 1280 1053 1313 Caesar
1066 1279 1168 1312 habet.
1183 1277 1406 1312 Domitianus
1420 1287 1516 1308 nem-

836 1346 893 1380 pe.
919 1333 1113 1379 Responsio
1141 1340 1191 1366 est
1216 1331 1394 1364 Minervae.
1421 1327 1515 1362 Vide

837 1387 898 1420 lib.
917 1387 987 1419 VII
1001 1411 1010 1427 ‚
1029 1399 1084 1432 ep.
1104 1399 1136 1427 1,
1159 1389 1178 1425 4
1199 1396 1205 1418 :
1226 1385 1393 1417 «Pectore
1407 1394 1513 1428 quum

839 1452 935 1474 sacro
955 1439 1104 1481 sederit,
1123 1439 1202 1484 aegis
1221 1437 1297 1471 erit.
1314 1454 1327 1467 »
1346 1435 1514 1469 Adulato-

839 1493 891 1526 rie
922 1496 1127 1538 utrumque3
1157 1490 1217 1525 sed
1250 1490 1307 1524 hic
1330 1487 1454 1523 callide
1481 1496 1515 1520 et

841 1545 987 1579 delicate
1005 1546 1117 1579 multo
1130 1544 1250 1589 magis.

641 1681 978 1738 CLXXX.

590 1837 816 1865 EUROPA
855 1836 1036 1864 PICTA.

180 1962 373 2005 MUTARI
399 1960 553 2005 melius
574 1971 721 2018 tauro,
746 1971 870 2022 pater
893 1962 1056 2022 optime
1083 1961 1243 2004 Divum
1260 1995 1271 2015 ,

248 2033 377 2075 Tunc
402 2041 574 2092 poteras
590 2068 602 2088 ,
626 2034 676 2075 Io
707 2048 842 2093 quum
868 2032 945 2075 tibi
975 2047 1106 2075 vacca
1134 2031 1227 2074 fuit.

179 2159 351 2232 ὤφελες,
379 2173 587 2216 ἀθανάτων
618 2175 811 2234 γενέτωρ,
840 2175 876 2223 ἐς
908 2179 1053 2232 ταῦρον
1078 2171 1289 2232 ἀμεῖφθαι,

249 2244 332 2294 Τῆς
361 2233 446 2294 Ῑοῦς
472 2243 523 2295 εἷς
551 2246 645 2299 βοῦν
672 2243 736 2287 σοί
758 2245 851 2288 ποτ’
877 2240 1155 2304 ἀμειέομένης.

168 2395 198 2415 1.
219 2382 312 2415 Auro
329 2382 410 2416 cod.
431 2383 468 2416 in
490 2396 597 2430 marg.
620 2383 675 2418 ed.
698 2385 776 2417 Par.

116 2447 130 2468 1
140 2437 210 2479 617
225 2443 258 2468 et
267 2447 315 2469 vs.
331 2448 347 2468 2
361 2436 434 2468 ludo
443 2449 508 2481 pro
521 2438 568 2470 10.
581 2438 780 2482 Perperam.

111 2509 163 2513 -—
182 2488 299 2520 Tauro.
322 2487 396 2521 Sub
415 2490 513 2534 cujus
536 2489 648 2523 forma
669 2490 781 2523 latens

110 2540 249 2585 Jupiter
268 2541 383 2585 rapuit
396 2542 576 2587 Europam
592 2544 759 2587 Agenoris
773 2570 780 2583 ‚

112 2594 211 2638 cujus
227 2593 371 2628 historia
385 2594 463 2628 satis
477 2603 570 2628 nota.

897 2396 928 2416 2.
950 2384 986 2416 Io
1008 2396 1101 2428 quum
1124 2383 1192 2416 tibi.
1216 2383 1268 2415 De
1291 2394 1357 2427 qua
1381 2381 1416 2413 in
1437 2392 1516 2413 vac-

841 2449 915 2469 cam
937 2444 1164 2469 transmutata
1185 2434 1352 2474 Ovidius,
1376 2434 1459 2466 Met.
1486 2433 1513 2464 I.

842 2490 898 2523 Sic
911 2489 1005 2522 enim
1019 2514 1028 2530 ‚
1042 2489 1224 2522 centoculo
1242 2488 1317 2532 ipso
1337 2488 1430 2531 Argo
1444 2498 1513 2518 non

842 2542 1043 2575 advertente
1057 2568 1067 2583 ‚
1084 2542 1178 2574 illam
1200 2539 1432 2585 comprimere
1452 2550 1515 2583 po-

843 2596 966 2628 tuisset
987 2595 1136 2639 Jupiter.
