2044 3292
503 222 591 268 152

878 223 938 265 M.
964 224 1039 265 VA
1056 224 1103 265 1..
1144 222 1531 264 MARTIALIS

1102 369 1299 426 CVII.

942 525 1201 553 PICATUM
1242 505 1476 554 V1NUM.*

574 660 683 702 Hffic
712 657 765 700 de
791 656 961 700 vitifera
986 658 1155 700 venisse
1177 657 1318 717 picata
1339 658 1510 700 Vienna

643 729 710 772 Ne
736 727 907 770 dubites
931 745 938 770 :
963 727 1080 770 misit
1100 726 1316 771 Romulus
1340 729 1430 788 ipse
1457 728 1574 771 mihi.

560 851 572 864 '¹
608 856 753 888 Picatum
795 857 908 888 vinum.
954 855 1086 888 Plinius
1117 856 1180 889 lib.

507 908 606 950 XIV,
636 920 712 953 cap.
743 919 780 941 1:
805 909 911 942 «Jam
937 908 1077 942 inventa
1102 909 1182 942 vitis

506 973 571 1006 per
595 973 630 994 se
659 961 696 994 in
726 961 810 994 vino
846 962 960 1007 picem
992 961 1182 1008 resipiens,

506 1014 746 1047 Viennensem
765 1027 885 1060 agrum
898 1015 1105 1057 nobilitans,
1124 1016 1184 1048 Ar-

510 1078 621 1100 verno
632 1093 642 1111 ,
666 1067 897 1114 Sequanoque
913 1076 948 1102 et
963 1068 1108 1102 Helvico
1127 1081 1185 1114 ge-

510 1120 653 1153 neribus
674 1133 745 1154 non
765 1120 902 1167 pridem
923 1122 1105 1155 illustrata.
1127 1125 1185 1155 At-

513 1185 581 1218 que
609 1173 683 1207 haec
705 1174 847 1219 Virgilii
880 1174 967 1208 vatis
1001 1184 1099 1208 aetate
1134 1176 1184 1208 iu-

512 1226 672 1271 cognita,
696 1239 713 1259 a
745 1229 844 1273 cujus
872 1228 969 1261 obitu
1000 1229 1186 1273 nonaginta

514 1288 664 1324 aguntur
680 1280 773 1313 anni.
795 1298 808 1309 »

573 1344 603 1366 1.
627 1333 763 1365 Vienna.
788 1333 882 1366 Urbs
913 1342 963 1367 est
994 1335 1027 1367 in
1052 1335 1187 1367 Narbo-

516 1385 631 1418 nensis
646 1393 745 1430 parte
767 1398 870 1431 quani
882 1387 1120 1421 Viennensem
1141 1387 1192 1420 di-

516 1446 601 1471 cunt
612 1463 621 1479 ,
634 1437 677 1470 ad
688 1438 898 1472 Rhodanum
907 1465 915 1478 ,
932 1438 1047 1473 adhuc
1060 1441 1190 1473 Vienna.

574 1503 606 1524 2.
626 1491 718 1524 Misit
744 1492 905 1525 Romulus.
932 1492 966 1526 Si
990 1493 1129 1526 Vienna
1151 1495 1192 1526 ab

520 1544 606 1576 urbe
620 1544 796 1590 praecipua
812 1545 1042 1591 Allobrogum
1057 1555 1135 1580 sunt
1149 1547 1193 1579 al-

1242 857 1308 889 lata
1330 856 1403 889 haec
1426 857 1506 889 vina
1528 857 1662 902 picata,
1682 861 1721 887 ut
1741 867 1782 887 ex
1804 854 1919 887 Plinio

1242 908 1384 942 doctum
1401 935 1409 951 ,
1439 908 1620 955 quomodo
1649 908 1820 941 Romulus
1847 908 1921 953 ipse

1244 962 1367 996 misit?
1388 965 1442 995 An
1477 961 1570 995 idem
1604 962 1641 995 in
1675 960 1773 995 Italia
1801 968 1921 1006 postea

1246 1024 1366 1049 natum
1384 1042 1392 1057 ,
1421 1024 1535 1050 satum
1567 1015 1622 1048 vel
1653 1013 1812 1048 illatum?
1832 1013 1921 1047 Nam

1247 1070 1417 1102 Romulus
1436 1082 1503 1114 pro
1520 1068 1641 1102 Italico
1663 1066 1808 1113 ponitur
1823 1065 1920 1100 haud

1246 1122 1363 1156 dubie.
1384 1122 1535 1156 Butler-us.
1547 1143 1598 1148 —-
1611 1122 1770 1154 Picatum
1785 1120 1853 1154 hoc
1869 1119 1923 1152 vi-

1247 1188 1332 1208 num
1346 1203 1354 1216 ,
1371 1177 1406 1208 in
1423 1177 1495 1220 ipsa
1516 1175 1601 1208 urbe
1620 1176 1777 1207 Romana
1796 1173 1924 1207 factum

1248 1237 1320 1262 arte
1348 1242 1387 1261 ex
1417 1229 1503 1274 picis
1528 1228 1643 1269 fluxu,
1665 1227 1713 1260 ita
1739 1226 1826 1272 picis
1848 1237 1925 1271 gra-

1249 1282 1330 1315 tiam
1354 1283 1444 1322 olet,
1465 1291 1504 1315 ut
1528 1281 1670 1314 dubites
1698 1292 1741 1313 an
1767 1278 1925 1312 nativum

1250 1336 1294 1368 sit
1316 1335 1471 1380 picatum
1496 1335 1662 1367 aVienna
1684 1332 1926 1377 Allobrogum.

1254 1388 1445 1421 anabius.
1466 1408 1518 1412 —
1539 1386 1739 1432 Simplicius
1774 1385 1864 1418 forte
1895 1392 1929 1418 et

1253 1441 1377 1474 melius
1391 1441 1563 1485 intelliges
1578 1448 1805 1473 mercatorem
1822 1437 1931 1470 Vien-

1254 1507 1398 1528 nensem
1417 1493 1550 1527 dictum
1570 1493 1779 1532 Romulum,
1800 1499 1835 1524 et
1851 1490 1932 1535 qui-

1255 1546 1333 1580 dem
1359 1548 1542 1580 celebrem.

1110 1681 1344 1738 CVIII.

1110 1840 1296 1869 MULSU
1313 1841 1360 1868 M.

594 1946 768 1988 ATTch
800 1953 1051 1988 nectareum
1082 1946 1264 1989 turbatis
1290 1944 1417 1989 mella
1449 1945 1707 2000 Falernum,

668 2015 843 2058 Misceri
868 2015 993 2060 decet
1012 2016 1096 2060 hoc
1118 2033 1142 2059 a
1167 2016 1421 2077 Ganymede
1448 2032 1633 2060 merum.

601 2137 812 2197 Κεκροπίῳ
838 2140 972 2197 μέλιτι
1001 2139 1098 2197 μέθυ
1125 2139 1338 2201 μίσγεται,
1364 2141 1446 2199 &pff
1471 2140 1548 2182 ὑπὸ
1575 2144 1714 2198 χειρῶν

669 2210 758 2250 Τῶν
785 2203 1066 2268 Γανυμηδείων
1094 2210 1350 2270 οἰνοχοεῒσθαι
1373 2204 1468 2252 ἔδει.

590 2347 621 2367 1.
650 2335 830 2368 Falernum.
851 2335 983 2368 Vinum
1013 2337 1206 2381 generosis-

532 2388 671 2421 simum.
692 2387 811 2421 Plinus
828 2388 888 2421 lib.
908 2389 1030 2429 XXII,
1044 2401 1117 2434 cap.
1137 2393 1181 2429 al,
1197 2401 1204 2422 :

539 2458 551 2469 τι
568 2440 714 2486 Semper
739 2441 890 2474 mulsum
915 2454 955 2474 ex
981 2449 1096 2475 vetere
1124 2442 1208 2475 vino

535 2494 768 2535 utilissimum,
776 2494 1007 2541 facillimeque
1018 2507 1096 2528 cum
1106 2495 1208 2529 melle

535 2555 821 2592 concorporatur,
839 2547 934 2593 quod
953 2548 987 2581 iu
1004 2547 1098 2582 dulci
1118 2561 1208 2581 nun-

536 2612 640 2644 quam
676 2601 801 2634 evenit.
826 2618 839 2629 ιι
880 2601 1098 2636 Amatissima
1137 2602 1208 2635 haec

538 2653 634 2697 potio
654 2654 842 2699 Romanis,
862 2655 919 2700 qui
945 2667 1018 2688 eam
1041 2668 1105 2700 pro
1127 2656 1209 2688 vino

1267 2337 1303 2369 in
1326 2337 1383 2369 illa
1410 2345 1509 2382 parte
1531 2335 1705 2376 convivii,
1724 2347 1803 2381 quae
1823 2341 1945 2380 gustus

1271 2388 1465 2431 dicebatur,
1485 2390 1719 2434 apponebant.

1323 2456 1355 2476 2.
1377 2442 1516 2476 Misceri.
1531 2442 1606 2475 Hoc
1622 2450 1674 2475 est
1684 2468 1693 2482 ,
1707 2439 1946 2475 subministra-

1268 2496 1319 2538 ri,
1342 2496 1420 2528 Jovi
1452 2507 1590 2541 nempe.
1621 2495 1699 2527 Lib.
1728 2495 1799 2535 VI,
1834 2493 1946 2538 epigr.

1272 2561 1407 2582 Lxxvin
1430 2561 1436 2582 ε
1461 2567 1474 2577 «ι
1501 2549 1641 2583 Misceri
1679 2547 1743 2581 sibi
1788 2545 1948 2592 protinus

1269 2601 1441 2642 deunces‚
1457 2601 1525 2636 Sed
1550 2602 1691 2635 crebros
1714 2600 1811 2645 jubet
1833 2616 1864 2640 n,
1880 2606 1944 2632 etc.

1270 2654 1363 2688 Vide
1385 2656 1486 2689 etiam
1507 2655 1566 2688 lib.
1588 2655 1697 2695 VIII,
1716 2652 1826 2698 epigr.
1843 2663 1893 2684 v1.
