1901 3259
320 273 911 319 EPIGRAMMATUM
950 274 1072 316 LIB.
1113 275 1231 315 XII.

1417 275 1443 319 8
1454 274 1479 319 3

212 362 380 407 Plectra
410 363 524 423 rapis
550 361 674 405 nobis
703 361 938 405 ambitione
967 376 1092 404 nova.

142 433 364 477 Audemus
397 434 548 477 satiras
575 451 585 487 3
613 431 806 476 Lucilius
833 448 924 475 esse
949 429 1132 475 laboras.

212 503 338 548 Ludo
365 503 480 548 leves
506 503 676 565 elegos3
700 513 746 546 tu
772 518 944 563 quoque
976 501 1086 545 ludis
1112 501 1240 545 idem.

144 574 263 630 Quid
287 576 429 618 minus
456 591 547 619 esse
569 572 740 635 potest?
761 573 1075 634 epigrammata
1102 572 1267 634 fingere.
1295 574 1428 634 coepi3

213 646 327 689 Hinc
353 646 481 689 etiam
506 646 668 706 petitur
684 645 772 705 jam
797 659 893 688 mea
914 643 1028 687 fama
1051 643 1142 687 tibi.

143 714 287 776 Elige,
308 715 413 776 quid
440 714 573 772 nolis;
596 716 690 776 quis
716 715 830 759 enim
859 714 1002 775 pudor
1025 715 1171 758 omnia
1197 713 1335 758 velle?

216 787 273 829 Et
303 787 336 828 si
361 785 464 846 quid
489 803 577 829 non
602 787 666 829 vis
682 822 692 841 ‚
715 787 887 838 Tucca,
913 784 1107 845 relinque
1132 785 1251 828 mihi.

74 925 385 958 rica.-Camoenis.
394 925 530 966 Quibus
541 923 679 957 taudem
691 922 753 956 do-

73 978 137 1011 ctis
160 976 356 1010 Camoeuis?
372 982 426 1010 An
442 977 523 1022 quia
539 975 752 1022 praecedenti

74 1029 226 1063 disticho
234 1030 394 1063 Thaliam
405 1030 554 1075 appellat
565 1043 574 1072 3
591 1029 665 1062 aliae
672 1038 753 1063 sunt

75 1082 187 1116 doctae
208 1083 381 1116 Camoenae
395 1107 403 1119 ,
425 1082 498 1115 aliae
517 1083 625 1116 Musae
641 1081 752 1115 Pieri-

74 1134 158 1169 des?
173 1135 265 1169 Muti
285 1148 406 1169 omues
427 1135 503 1170 aliis
518 1135 583 1169 visi
598 1134 752 1177 codices,

74 1201 194 1222 omnes
205 1187 373 1222 editores:
383 1187 442 1222 sed
461 1189 626 1234 praeclare
633 1188 751 1221 Thua-

73 1253 202 1274 norum
236 1250 507 1275 monumentum
531 1254 539 1274 ε
563 1242 639 1274 Fila
674 1241 752 1285 lyra>

75 1297 155 1327 movi
165 1293 314 1327 Calabris
327 1294 452 1327 exculta
464 1294 632 1328 Camoenis.
645 1293 751 1335 Quod

74 1347 326 1392 explicabimus
347 1359 389 1380 ex
405 1347 465 1380 lib.
482 1348 528 1389 V,
544 1347 750 1392 epigramm.

74 1412 151 1432 xxx.
175 1417 188 1429 κ
210 1401 325 1433 Varro
351 1399 543 1445 Sophoclea
573 1413 646 1433 non
673 1400 753 1433 infi-

74 1451 198 1486 ciande
210 1453 388 1486 cothurno
399 1478 407 1493 ‚
423 1453 497 1486 Nec
510 1453 627 1487 minus
641 1453 676 1486 in
694 1454 751 1487 Ca-

74 1505 168 1538 labra
197 1505 417 1551 suspiciende
436 1507 523 1551 lyra.
542 1524 554 1534 n
584 1507 629 1540 Et
652 1507 751 1539 lucu-

76 1558 204 1592 lentius
220 1559 384 1595 lib.VIII‚
401 1559 510 1605 epigr.
527 1571 640 1600 xx⁷1113
654 1558 750 1605 quod

76 1619 110 1643 et
125 1611 239 1656 ipsum
254 1624 370 1653 nuper
387 1625 403 1645 a
418 1613 555 1658 scriptis
570 1611 752 1646 codicibus

75 1665 179 1708 coepit
206 1665 375 1710 integrius
401 1665 534 1698 haberi.
563 1665 751 1700 Gronovius.

812 944 863 949 —-
874 924 1008 957 Notum
1021 932 1136 958 autem
1150 924 1345 970 lyricorum
1359 927 1490 971 priuci-

811 988 892 1021 pem
921 976 1107 1010 Horatium
1136 989 1155 1010 e
1182 977 1337 1012 Calabris
1367 979 1490 1012 oriun-

811 1028 896 1062 dum
919 1029 1036 1062 fuisse.
1060 1030 1127 1062 En.

866 1084 898 1114 6.
937 1081 1115 1115 Ambitiose
1143 1082 1249 1116 Palat.
1284 1092 1317 1116 et
1346 1083 1423 1117 cod.
1456 1086 1490 1118 in

812 1147 918 1180 marg.
946 1134 1000 1168 ed.
1032 1136 1108 1168 Par.
1140 1139 1249 1180 1617.
1274 1137 1392 1169 Novem
1415 1138 1488 1170 MS.

814 1188 948 1221 Beverl.

866 1254 899 1285 7.
923 1241 1071 1274 Lucilius.
1089 1241 1158 1282 Qui
1176 1242 1310 1287 primus
1323 1243 1414 1275 inter
1431 1244 1491 1276 La-

813 1295 906 1326 tinos
925 1302 1044 1338 poetas
1064 1294 1183 1327 satiras
1201 1295 1348 1340 scripsit.

867 1348 899 1381 8.
920 1347 1052 1391 Elegos.
1070 1347 1200 1388 Quales
1214 1357 1296 1381 sunt
1307 1348 1470 1382 Tibullus
1482 1376 1489 1383 .

812 1399 1018 1444 Propertius
1030 1426 1038 1440 ‚
1054 1399 1213 1433 Ovidius.
1230 1401 1351 1433 Ludere
1367 1400 1490 1434 dicun-

813 1461 870 1485 tur
882 1461 994 1498 poetae
1008 1479 1016 1493 ,
1025 1465 1135 1498 quum
1146 1466 1263 1487 versus
1274 1455 1420 1487 leviores
1432 1456 1492 1500 ju·

811 1514 869 1538 vat
880 1506 1042 1539 scribere.
1063 1505 1161 1551 Virg.
1180 1507 1299 1552 Eclog.
1318 1508 1351 1548 I,
1364 1520 1411 1540 vs.
1434 1521 1488 1541 10.

869 1572 902 1602 9.
913 1559 1051 1604 Pingere
1058 1562 1159 1604 possis
1166 1560 1246 1593 Yat.
1261 1559 1338 1593 cod.
1357 1561 1494 1605 —Quid

813 1614 923 1644 minus.
940 1612 1054 1653 Quam
1068 1613 1219 1645 scribere
1232 1613 1491 1658 epigrammata.

869 1678 879 1697 1
888 1677 903 1697 2
913 1691 919 1698 .
930 1665 1044 1697 Palma
1058 1664 1136 1698 cod.
1149 1666 1283 1699 Beverl.
1294 1679 1359 1711 pro
1375 1667 1490 1700 Tucca.

622 1877 625 1880 ,
660 1816 894 1873 XCVI.

609 1980 672 2007 AD
713 1958 947 2008 RUFUM.*

288 2115 451 2159 MUSAEI
482 2115 802 2176 pathicissimos
826 2114 1016 2171 libellos,

288 2187 376 2242 Qui
407 2195 576 2230 certant
607 2186 859 2246 Sybariticis
885 2185 1060 2237 libellis.

132 2331 145 2344 *
164 2332 222 2365 Ad
239 2333 427 2365 Instantium
444 2333 484 2365 R.
502 2331 556 2365 ed.
574 2334 674 2366 Barb.
693 2333 754 2366 sed

78 2385 138 2417 Ad
162 2385 293 2428 Russum
321 2384 401 2418 Ald.
436 2386 534 2418 Junt.
567 2386 683 2420 Colin.
719 2394 754 2419 et

79 2438 175 2480 Ruffe
197 2438 234 2470 in
254 2437 371 2471 medio
390 2438 500 2484 epigr.

139 2502 168 2523 1.
193 2490 318 2524 Musoei.
347 2491 425 2524 Non
455 2492 548 2524 illius
579 2503 660 2524 sane
691 2492 755 2537 qui

80 2542 252 2587 eleganter
269 2543 347 2576 satis
364 2556 428 2589 pro
442 2545 569 2577 saeeuio
586 2543 630 2577 (Ie
646 2544 756 2577 Hero-

82 2595 136 2628 nis
145 2603 178 2628 et
187 2595 340 2629 Leandri
349 2596 526 2630 amoribus
538 2597 754 2642 poematium

82 2660 125 2681 co
131 2648 617 2682 neinnavit.-Patl1icissimos
625 2650 743 2682 libellos
749 2677 756 2683 .

84 2701 306 2735 Mollissimos
327 2711 360 2735 et
382 2701 523 2735 nefandi
546 2702 757 2747 argumenti;

815 2334 898 2366 tales
907 2333 1003 2366 fuere
1017 2334 1286 2379 Elephantidos,
1301 2342 1442 2384 poetriae
1454 2351 1487 2375 et

814 2394 1022 2426 meretricis;
1043 2399 1154 2433 epigr.
1175 2402 1266 2423 x1.111
1285 2404 1408 2437 supra,
1431 2399 1464 2434 4.

870 2452 904 2472 2¹..
922 2439 1110 2484 Sybariticis
1128 2442 1250 2476 libellis.
1270 2445 1385 2478 Libris
1402 2448 1486 2480 abo·

815 2491 988 2525 minandae
1017 2493 1200 2538 nequitiae,
1232 2509 1319 2541 quos
1350 2500 1486 2544 scripsit

817 2545 1032 2578 Hemitheon
1045 2546 1186 2591 quidam
1202 2547 1362 2592 Sybarim
1371 2576 1380 2590 ‚
1392 2561 1428 2584 ut
1442 2562 1483 2586 te-

817 2606 928 2631 statur
954 2599 1148 2639 Lucianus,
1175 2603 1250 2645 πρὲς
1277 2601 1486 2638 ἀπαίδευτοψ

817 2663 971 2696 quorum
987 2651 1145 2684 meminit
1155 2661 1189 2685 et
1201 2653 1349 2689 Ovidius
1359 2682 1368 2698 ‚
1379 2657 1414 2690 in
1428 2658 1487 2692 lib.

818 2702 986 2737 Tristium
1008 2704 1041 2736 Il
1054 2729 1063 2745 ‚
1084 2704 1193 2749 Epist.
1213 2705 1256 2739 ad
1277 2709 1493 2753 Augustum,

1232 2777 1287 2820 (5³
