2044 3292
489 185 549 236 [42

840 185 900 227 M.
935 187 1076 228 VAL.
1133 185 1529 228 MARTIALIS

556 270 690 328 Quod
717 272 823 315 sciat
851 271 997 316 infelix
1025 272 1241 316 damnatae
1271 273 1451 333 spongia
1480 274 1611 334 virgae
1629 308 1640 325 ‚

625 340 707 385 Vel
733 343 999 404 quicumque
1025 344 1166 398 canis,
1192 343 1431 404 junctaque
1457 353 1566 387 testa
1597 345 1697 387 viae:

557 411 822 468 Mullorum,
846 413 1156 475 leporumque,
1186 424 1229 458 et
1260 415 1441 458 suminis
1469 416 1608 459 exitus
1633 415 1703 458 hic
1734 424 1824 470 est,

627 482 942 545 Sulfureusque
965 484 1107 539 color,
1132 485 1446 546 carnificesque
1466 485 1610 547 pedes.

559 555 658 597 Non
689 554 853 598 Albana
883 556 988 599 mihi
1017 557 1071 600 sit
1100 557 1350 600 comissatio
1382 558 1517 611 tanti3

629 627 721 668 Nec
751 626 1033 687 Capitolinae,
1060 627 1408 688 pontificumque
1434 627 1581 689 dapes.

558 696 752 756 lmputet
776 698 868 757 ipse
888 699 1009 742 Deus
1031 708 1185 743 nectar
1208 698 1342 753 mihi,
1367 698 1443 743 fiet
1465 708 1666 753 acetum,

626 768 682 810 Et
703 769 901 812 Vaticani
933 769 1099 830 perfida
1127 786 1269 831 vappa
1300 769 1408 814 cadi.

560 838 780 882 Convivas
807 838 911 884 alios
938 857 1163 885 coenarum
1190 858 1335 902 quaere
1362 841 1594 902 magister,

542 989 576 1020 7.
596 977 760 1010 Damnata
775 991 802 1011 s.
817 981 912 1023 *virga
933 980 968 1012 in
987 992 1096 1025 marg.
1112 979 1166 1013 ed.

488 1029 623 1075 Laugii.
635 1052 686 1056 —-
700 1031 798 1074 Quod
807 1033 888 1064 sciat
906 1033 1029 1075 infeli—15.
1052 1033 1167 1078 Spon-

487 1082 541 1127 gia
553 1109 562 1124 ‚
577 1083 692 1129 inquit
707 1084 899 1119 Farnabius
910 1111 920 1127 ‚
939 1086 1034 1131 liguo
1053 1086 1168 1120 adhae-

488 1148 569 1169 rens
586 1135 749 1171 damnata
767 1138 804 1171 in
820 1139 889 1172 vile
905 1139 1144 1173 ministerium
1160 1167 1168 1181 ‚

488 1188 532 1223 ad
548 1189 769 1224 emundanda
787 1192 918 1225 scilicet
931 1194 1094 1226 ohscoena
1110 1202 1169 1237 ‚ut

485 1241 530 1276 (le
548 1243 712 1277 bestiario
734 1244 888 1290 quodam
909 1246 1017 1280 refert
1040 1246 1167 1280 Seneca

487 1296 589 1341 epist.
611 1310 671 1343 70.
695 1315 708 1327 a
726 1299 850 1344 Nuper
874 1299 960 1333 ludo
986 1300 1168 1334 bestiario-

488 1362 567 1382 rum
599 1363 690 1385 unus
721 1365 740 1385 e
762 1351 946 1386 Germanis
961 1379 970 1394 ‚
994 1366 1102 1399 quum
1126 1353 1169 1387 ad

490 1404 659 1438 matutina
682 1406 877 1450 spectacula
899 1416 1094 1452 pararetur,
1116 1420 1168 1441 se-

486 1458 587 1490 cessit
599 1457 642 1490 ad
653 1458 916 1492 exonerandum
927 1473 1068 1506 corpus.
1081 1461 1169 1494 Nul-

491 1510 562 1542 lum
582 1510 678 1544 aliud
693 1512 744 1544 illi
762 1511 912 1546 dabatur
930 1513 1004 1547 sine
1023 1513 1170 1547 custode

487 1572 671 1598 secretum.
696 1565 750 1598 Ibi
775 1566 910 1610 lignum
942 1566 1048 1608 illud,
1074 1567 1169 1613 quod

487 1615 532 1649 ad
547 1617 772 1653 emundanda
792 1620 953 1652 obscoena
970 1619 1170 1654 ad'naerente

487 1671 634 1716 spongia
655 1672 812 1717 positum
831 1681 882 1705 est
896 1698 905 1713 ‚
923 1681 1036 1706 totum
1055 1673 1091 1706 in
1107 1687 1169 1720 gu-

488 1723 556 1756 lam
578 1724 695 1766 farsit,
714 1734 748 1758 et
761 1725 795 1758 vi
813 1726 992 1770 praeclusis
1013 1727 1170 1761 faucibus

488 1776 653 1822 spiritum
671 1778 774 1812 elisit.
793 1796 806 1807 »ν

546 1832 579 1864 8.
594 1831 659 1863 Vel
671 1834 853 1879 quicumque
866 1836 964 1867 canis.
981 1834 1050 1875 Qui
1065 1833 1170 1866 nimi-

489 1896 566 1916 rum
585 1883 627 1917 ad
647 1885 819 1918 vomitum
839 1895 1009 1920 accurrat.
1026 1887 1171 1919 —Jun-

490 1945 602 1983 ctaquc
632 1946 709 1970 testu
738 1941 814 1972 τίω.
844 1940 951 1973 Urnae
981 1940 1112 1974 scilicet
1135 1941 1170 1973 in

491 1990 604 2023 triviis
638 1999 738 2024 erant
777 1992 954 2026 collocatae
968 2019 977 2037 ,
1010 1994 1045 2026 in
1085 2005 1171 2038 quas

491 2043 660 2077 ineierent
675 2052 937 2089 praetereuntes.

546 2109 581 2139 ς).
602 2097 798 2138 ᾸῙιιίίονιιιη,
828 2099 1035 2145 leporumque.
1067 2099 1171 2145 Opti-

492 2162 631 2183 morum
670 2151 822 2196 piscium
857 2161 892 2185 et
924 2152 1095 2186 carnium.
1119 2174 1170 2179 —

492 2202 641 2237 suminis.
654 2204 733 2238 Lib.
745 2205 847 2246 XIII,
860 2216 918 2250 ep.
927 2218 1080 2239 xmv.-—
1092 2206 1171 2238 Exi-

493 2264 542 2289 tus
555 2257 604 2289 lu'c
620 2265 677 2292 est.
701 2258 741 2290 In
763 2258 825 2291 has
845 2258 965 2292 sordes
985 2260 1116 2292 abeunt
1138 2268 1171 2292 et

491 2318 676 2343 mutantur
699 2311 815 2344 vorati
844 2311 956 2357 pisces
971 2338 981 2353 ‚
1010 2313 1169 2358 lepores,

490 2370 526 2396 ct
550 2363 662 2396 suillae
683 2376 763 2410 pars
786 2365 941 2410 optima,
969 2377 1045 2411 quae
1066 2379 1173 2398 sumen

491 2424 542 2450 est
555 2441 565 2457 ‚
585 2416 652 2450 hoc
673 2426 744 2459 est,
772 2418 911 2464 papillae
932 2417 1040 2452 modo
1063 2419 1172 2452 enixae

491 2482 618 2514 porcae.

550 2536 602 2557 ῐο.
621 2524 846 2571 Sulsureusque
865 2525 960 2558 color.
983 2526 1033 2558 Ex
1053 2524 1172 2558 crudi-

494 2583 563 2608 tate
589 2577 711 2622 pallor.
736 2600 785 2604 —
808 2578 1040 2625 Caruisse-esque
1064 2579 1168 2623 pedes.

490 2628 657 2675 Podagra.
682 2636 882 2677 Λυσιμελοῦς
899 2633 1026 2676 Βάκχου
1044 2632 1100 2666 καὶ
1117 2637 1170 2666 λυ-

1229 984 1377 1025 σιμελοῦς
1393 975 1576 1025 Ᾰῳροδίτης
1596 982 1754 1014 ΓεννΞται
1770 981 1912 1026 θυγάτηρ

1227 1034 1398 1078 λυσιμελὴς
1417 1031 1590 1079 Ποδάγρα.
1610 1033 1754 1067 Anthol.
1774 1034 1835 1067 lib.
1856 1035 1889 1067 Π
1903 1058 1912 1073 ‚

1228 1099 1302 1132 cap.
1328 1087 1389 1126 43.

1283 1152 1334 1173 11.
1352 1140 1493 1174 Albana.
1511 1140 1761 1173 Lautissimum
1780 1140 1914 1174 scilicet

1228 1194 1374 1239 epulum
1400 1194 1504 1239 quale
1535 1194 1697 1227 exhibuit
1715 1193 1751 1226 in
1775 1194 1912 1227 Albano

1228 1256 1349 1280 monte
1385 1247 1422 1280 in
1464 1247 1710 1292 Quinquatriis
1745 1247 1915 1281 Minervae

1228 1313 1298 1334 suae
1317 1300 1551 1334 Domitianus.
1568 1300 1763 1333 Fmvzabtm.
1786 1301 1837 1333 De
1859 1313 1915 1333 co-

1229 1353 1436 1387 messatione
1470 1353 1604 1387 dictum
1640 1354 1699 1386 lib.
1727 1354 1779 1386 IV
1794 1379 1802 1394 ,
1836 1353 1911 1399 epi-

1230 1416 1421 1452 grammate
1439 1420 1476 1448 v,
1496 1420 1544 1441 vs.
1568 1407 1603 1441 3.

1288 1473 1347 1494 12.
1378 1461 1446 1494 Nec
1479 1460 1683 1505 Capitolium.
1719 1459 1796 1493 Hoc
1834 1469 1884 1493 est
1904 1486 1912 1500 ,

1229 1514 1372 1559 epulum
1393 1514 1492 1547 Jovis
1519 1514 1555 1546 in
1580 1513 1756 1558 Capitolio
1784 1513 1914 1546 instru-

1230 1576 1325 1600 ctum
1338 1593 1346 1608 ‚
1366 1569 1465 1612 cujus
1484 1567 1646 1600 meminit
1669 1567 1787 1600 Valer.
1802 1567 1914 1600 Maxi-

1230 1633 1307 1653 mus
1327 1621 1389 1653 lib.
1405 1621 1441 1653 II
1459 1646 1468 1660 ,
1492 1632 1567 1665 cap.
1589 1632 1619 1652 1.
1639 1641 1692 1645 —
1705 1618 1915 1664 Pontificum-

1229 1687 1287 1720 que
1314 1674 1421 1718 dapeS.
1451 1673 1670 1707 Lautissimae
1695 1673 1768 1706 scil.
1788 1673 1914 1706 Horat.

1230 1727 1290 1759 lib.
1311 1727 1367 1768 II,
1390 1725 1449 1760 od.
1470 1739 1544 1769 xlv,
1568 1729 1612 1759 26
1633 1743 1646 1755 «
1665 1738 1763 1759 mero
1786 1726 1916 1771 Tinget

1230 1780 1473 1825 pavimentum
1485 1779 1690 1825 superbum,
1704 1779 1915 1812 Pontificum

1230 1833 1374 1878 potiore
1405 1833 1525 1866 coenis.
1544 1850 1557 1862 n
1588 1833 1633 1865 Et
1657 1832 1718 1866 has
1747 1831 1915 1866 describit

1231 1886 1433 1919 Macrobius
1451 1886 1515 1919 lib.
1533 1887 1586 1918 III
1599 1911 1608 1927 ‚
1622 1897 1698 1931 cap.
1726 1885 1784 1919 13.

1291 1940 1348 1973 13.
1378 1940 1532 1984 Imputet‚
1567 1948 1632 1972 etc.
1661 1939 1697 1972 Si
1723 1938 1814 1972 mihi
1840 1939 1915 1984 ipse

1231 1994 1314 2038 Jup.
1341 1993 1484 2037 largitus
1509 2000 1629 2025 nectar
1654 1991 1691 2024 in
1718 1991 1914 2025 rationibus

1233 2054 1266 2079 et
1293 2045 1408 2079 meriti
1429 2046 1507 2078 loco
1528 2053 1709 2086 numeret,
1732 2057 1803 2077 non
1826 2045 1913 2078 mihi

1231 2099 1342 2145 sapiet
1361 2098 1455 2132 aliud
1475 2111 1579 2144 quam
1597 2107 1735 2132 acetum
1751 2106 1785 2131 et
1802 2110 1914 2144 vappa

1232 2166 1251 2186 e
1282 2153 1367 2185 vino
1393 2152 1575 2185 vilissimo.
1608 2152 1722 2185 Gloss.
1754 2152 1915 2196 Imputat-e

1231 2214 1347 2239 autem
1372 2205 1421 2238 ibi
1446 2213 1496 2238 est
1515 2205 1733 2250 λογίσασθαι,
1761 2212 1795 2237 et
1817 2203 1914 2250 quod

1235 2259 1362 2293 Gallice
1388 2257 1538 2292 dicimus
1570 2266 1677 2290 mettre
1702 2270 1740 2290 en
1766 2258 1850 2301 ligne
1876 2257 1915 2290 (le

1231 2320 1370 2357 compte;
1381 2320 1415 2345 et
1430 2312 1474 2344 ita
1489 2323 1580 2357 saepe
1597 2311 1691 2344 illius
1708 2310 1816 2344 aetatis
1832 2311 1914 2344 scri-

1230 2374 1351 2411 ptores
1363 2365 1432 2398 hoc
1442 2365 1590 2397 verbum
1606 2371 1835 2409 usurparunt.
1845 2364 1913 2397 En.

1290 2423 1348 2458 14.
1374 2419 1423 2451 Et
1444 2417 1607 2450 Vassicam'.
1634 2416 1721 2449 Vini
1752 2416 1910 2449 vilissimi

1233 2472 1296 2505 faex
1308 2497 1317 2512 .,
1334 2471 1394 2505 lib.
1411 2472 1444 2512 Ι,
1461 2470 1571 2516 epigr.
1588 2483 1666 2511 xix,
1684 2470 1912 2515 2.-Vappa.

1233 2525 1366 2558 Vinum
1396 2523 1553 2569 fugiens,
1581 2532 1642 2556 aut
1672 2523 1735 2556 faex
1756 2521 1855 2563 vini,
1878 2531 1912 2559 et

1232 2578 1470 2624 metaphorice.
1482 2603 1489 2616 ,
1513 2578 1620 2611 homo
1637 2576 1753 2610 nihili.

1292 2633 1347 2666 15.
1370 2632 1578 2675 Magis-traam
1603 2630 1730 2664 Thuan
1766 2637 1799 2662 et
1831 2629 1911 2662 Vat.
