2044 3292
541 213 629 264 142

909 209 970 250 M.
997 209 1140 251 VAL.
1180 208 1574 251 MARTIALIS

1171 358 1304 416 XC.

1115 494 1367 544 Annium*

602 641 707 685 NON
736 639 876 683 omnis
899 636 1071 681 laudem
1099 638 1377 698 pretiumque
1402 647 1550 682 aurata
1576 648 1787 694 meretur,

672 709 754 754 Sed
779 710 849 754 cui
877 707 993 753 solus
1018 708 1100 752 erit
1121 708 1289 754 concha
1315 709 1507 753 Lucrina
1532 708 1666 753 cibus.

602 851 743 911 Τίμιος
773 854 816 894 οὐ
843 854 923 901 πᾶς
953 852 1214 912 Χρύσοφρυς,
1247 850 1314 893 καὶ
1341 849 1547 900 ἐπαίνετός
1576 852 1672 900 {eiv-

669 915 771 965 Ᾰλλ’
797 925 817 965 ὁ
845 922 964 982 μόνον
992 923 1177 982 Λουκρῖν’
1203 922 1325 982 &epea
1353 915 1601 982 δαινύμενος.

603 1057 617 1071 ¹
634 1060 741 1094 Piscis
762 1059 917 1093 marinus
940 1059 1002 1105 qui
1027 1059 1076 1092 sic
1103 1058 1210 1092 latine

531 1122 644 1148 aurata
669 1111 755 1154 (vel,
776 1121 907 1146 mutata
931 1112 1206 1158 aliquantulum,

529 1180 714 1214 perperam
736 1167 898 1207 fortisan,
914 1166 1086 1210 scriptura
1106 1191 1115 1207 ,
1135 1179 1209 1198 ora·

531 1220 591 1262 ta)
617 1228 863 1266 nuncupatur,
884 1231 996 1264 graece
1023 1231 1107 1252 vero
1131 1219 1208 1265 χρύ-

529 1288 660 1320 σοφρυς,
678 1271 772 1319 quod
789 1272 863 1306 auri
885 1268 1040 1317 (χρυσῶ)
1055 1272 1208 1305 colorem

529 1328 658 1362 referat
678 1329 752 1372 ejus
774 1334 890 1372 caput.
912 1326 963 1359 De
984 1326 1051 1359 hoc
1075 1325 1207 1371 Oppia-

528 1394 614 1422 nus,
634 1380 816 1414 Halieutic.
836 1379 898 1412 lib.
926 1379 964 1420 I,
989 1373 1114 1423 ,ἀγλαΐῃ
1136 1379 1208 1424 χρύ-

529 1447 642 1479 σοφρυς
664 1434 849 1478 ἐπώνυμος,
868 1432 935 1465 hoc
954 1440 1004 1465 est
1017 1457 1027 1474 ,
1057 1449 1071 1461 α
1085 1432 1207 1477 Splen-

528 1486 620 1520 didae
632 1487 715 1533 pelli
731 1495 851 1532 aptum
868 1497 997 1519 nomen
1015 1486 1130 1519 ferens
1151 1498 1207 1517 αα-

529 1549 601 1573 ram
621 1557 634 1570 n
647 1553 660 1580 ;
680 1548 715 1574 et
729 1538 894 1582 Ovidius,
907 1539 979 1572 sive
992 1538 1207 1584 quicumque

529 1593 716 1639 fragmenti
728 1592 858 1638 poetici
874 1591 918 1625 de
934 1601 1007 1625 arte
1021 1591 1206 1638 piscatoria

527 1655 649 1680 auctor
659 1647 802 1688 exstitit,
811 1659 860 1679 vs.
870 1657 883 1678 1
896 1658 909 1679 1
919 1657 958 1678 0:
974 1644 1081 1678 «Auri
1095 1644 1206 1690 Chry·

528 1700 678 1746 sophrys
694 1699 829 1733 imitata
842 1698 982 1732 decus.»
1004 1697 1208 1731 Nominavit

528 1761 643 1787 tamen
661 1753 757 1786 hunc
778 1752 910 1798 piscem
930 1751 1122 1785 Athenaeus
1141 1751 1205 1784 τώ-

527 1820 645 1840 viem-1.
662 1806 776 1840 Famae
795 1813 912 1839 autem
931 1804 1097 1838 nonnihil
1114 1805 1205 1838 obti-

527 1860 616 1901 nuit,
629 1872 700 1892 non
712 1860 824 1893 solum
837 1857 932 1904 quod
943 1858 1205 1892 convivantium

528 1913 616 1958 gulae
635 1921 751 1958 gratus
770 1920 879 1953 esset,
901 1911 963 1946 sed
983 1911 1108 1945 veneni
1134 1911 1206 1944 vim

528 1967 711 1999 emolliret.
734 1966 824 1999 Plin.
848 1965 909 1999 lib.
928 1965 1086 2001 XXXII,
1108 1977 1137 1998 c.
1162 1965 1204 1999 5:

532 2037 545 2048 «
561 2020 784 2052 Venenatum
803 2018 871 2051 mel
892 2017 1044 2052 diximus
1062 2018 1125 2051 ubi
1144 2030 1203 2051 na-

526 2081 681 2106 sceretur
693 2085 700 2106 :
714 2072 841 2105 auxilio
857 2080 906 2105 est
917 2071 1021 2117 piscis
1035 2079 1152 2104 aurata
1167 2071 1202 2104 in

524 2126 613 2160 cibo.
625 2124 797 2158 »Videtur
812 2123 1021 2171 quibusdam
1036 2124 1206 2170 probatis-

525 2181 631 2213 simus
659 2179 776 2212 fuisse.
799 2178 1001 2211 Macrobius
1030 2189 1111 2210 sane
1140 2177 1201 2211 lib.

525 2233 578 2266 III
592 2258 601 2274 ‚
625 2245 699 2278 cap.
723 2232 788 2265 15:
814 2249 827 2261 α
845 2231 986 2276 Sergius
1007 2230 1113 2263 Orata
1142 2242 1203 2264 co-

523 2286 747 2332 gnominatus
763 2294 832 2327 est,
850 2283 946 2330 quod
957 2284 987 2317 ei
1001 2283 1129 2330 pisces,
1141 2283 1201 2329 qui

525 2346 842 2380 aurataevocantur,
851 2337 1018 2371 carissimi
1030 2337 1172 2370 fuerint.
1183 2353 1196 2366 n

524 2393 580 2426 Sic
593 2392 815 2426 Liciniusille
825 2391 887 2437 qui
900 2391 1036 2423 nomini
1049 2403 1112 2423 suo
1129 2389 1202 2435 pri-

523 2459 602 2479 mus
624 2457 817 2491 cognomen
840 2443 999 2490 adjunxit
1018 2444 1176 2477 Muraena
1192 2467 1201 2483 ‚

523 2499 572 2532 sic
591 2499 785 2546 appellatus
804 2498 891 2537 fuit,
912 2496 1009 2543 quod
1029 2509 1202 2530 muraenas

524 2565 599 2586 suas
627 2565 712 2597 quas
734 2552 769 2585 in
789 2551 1006 2585 muroenariis
1032 2549 1200 2583 delicatis-

1269 1059 1356 1094 sime
1377 1059 1557 1093 nutriebat
1572 1085 1581 1100 ‚
1602 1057 1740 1104 perdite
1759 1067 1890 1092 amaret
1911 1067 1945 1092 et

1271 1113 1412 1146 caritate
1434 1113 1523 1146 mira
1542 1120 1824 1158 prosequeretur.
1839 1112 1907 1145 En.

1325 1179 1360 1199 2-
1370 1166 1403 1198 E
1405 1169 1449 1199 rit
1459 1165 1576 1198 conclea
1588 1166 1726 1198 Lucrina
1739 1164 1835 1198 cibus.
1855 1165 1946 1199 Con-

1268 1219 1349 1252 chas
1367 1219 1537 1252 Lucrinas
1564 1218 1691 1263 optimi
1715 1230 1788 1252 esse
1812 1218 1945 1264 saporis

1269 1271 1423 1306 diximus
1441 1272 1550 1317 epigr.
1577 1283 1695 1305 Lxxxn
1715 1283 1819 1317 supra
1838 1296 1847 1312 ‚
1866 1270 1944 1316 qui-

1267 1326 1332 1359 bus
1352 1334 1466 1371 pastas
1496 1333 1632 1358 auratas
1653 1325 1873 1358 suavissimas
1893 1324 1943 1358 af-

1266 1379 1383 1416 fiunat
1393 1379 1574 1411 Pocta.—
1589 1379 1634 1412 Et
1651 1378 1710 1411 hic
1727 1378 1808 1412 licet
1824 1389 1944 1412 rursus

1265 1440 1383 1473 notes,
1402 1440 1610 1477 stupeasque
1629 1444 1749 1465 rursus
1767 1432 1943 1465 Romano-

1265 1498 1344 1519 rum
1370 1483 1613 1519 incredibilem
1634 1485 1808 1518 luxuriam
1829 1492 1863 1518 et
1879 1496 1942 1529 gu·

1265 1539 1333 1572 lam
1347 1565 1355 1580 ,
1376 1538 1436 1584 qui
1454 1545 1639 1584 postquam
1658 1538 1780 1571 orbem
1801 1536 1942 1570 univer-

1266 1604 1360 1633 sum,
1377 1592 1413 1625 hi
1431 1603 1512 1625 ense
1527 1604 1590 1624 suo
1610 1599 1644 1624 et
1657 1589 1864 1624 fortitudine
1880 1589 1942 1623 de-

1265 1645 1468 1686 bellassent,
1482 1644 1520 1677 hi
1533 1643 1726 1678 latrociniis
1742 1655 1807 1690 per
1820 1655 1941 1689 pacem

1265 1698 1489 1744 spoliassent,
1506 1709 1547 1730 eo
1561 1696 1734 1731 devenere
1751 1697 1942 1742 opulentiae

1265 1759 1305 1784 ut
1326 1752 1459 1785 nescire
1481 1752 1622 1796 jamjam
1641 1750 1707 1796 ipsi
1733 1749 1942 1784 viderentur

1265 1817 1337 1850 quo
1347 1813 1448 1851 pacto
1458 1804 1635 1838 immensis
1648 1803 1781 1837 divitiis
1790 1802 1860 1837 suis
1869 1810 1943 1836 ute-

1264 1866 1389 1891 rentur
1405 1866 1438 1892 et
1454 1857 1636 1904 pecuniam
1654 1857 1828 1897 traherent,
1844 1868 1942 1888 veza-

1265 1919 1343 1944 rent.
1376 1911 1468 1945 Hinc
1500 1911 1574 1944 solo
1606 1910 1735 1957 aequari
1766 1909 1941 1943 montium

1264 1964 1372 1998 ardua
1406 1973 1440 1998 et
1469 1964 1662 2010 impervia;
1684 1963 1768 1997 hinc
1792 1979 1805 1992 ιι
1832 1961 1940 2006 magis

1264 2018 1412 2052 Extenta
1422 2036 1435 2047 »
1446 2018 1595 2064 spectari
1609 2035 1621 2047 α
1638 2017 1793 2050 Lucrino
1814 2015 1940 2061 Stagna

1263 2071 1338 2104 lacu
1351 2084 1360 2113 ;
1375 2088 1388 2100 n
1406 2071 1490 2104 hinc
1507 2070 1646 2104 Baianis
1662 2068 1769 2103 undis
1786 2068 1940 2114 irrepere

1263 2132 1427 2158 caementa
1440 2132 1473 2158 et
1488 2124 1699 2170 palatiorum
1713 2123 1840 2164 moles;
1855 2122 1939 2155 hinc

1262 2177 1338 2223 ipso
1363 2178 1427 2211 sub
1453 2178 1541 2210 mari
1569 2176 1661 2210 effici
1689 2175 1939 2209 amoenissimos

1262 2242 1412 2264 secessus
1435 2239 1469 2264 et
1491 2230 1704 2276 voluptarias
1726 2227 1826 2262 aedes.
1847 2228 1938 2261 Hinc

1263 2282 1380 2317 denuo
1411 2283 1593 2317 rarissimis
1622 2291 1656 2317 et
1684 2281 1938 2315 delicatissimis

1261 2337 1414 2383 piscibus
1440 2337 1551 2382 pisces
1582 2336 1674 2382 ipsos
1704 2334 1874 2376 enutriri,
1900 2342 1937 2367 ut

1262 2388 1446 2423 fastidiosis
1477 2390 1562 2435 gulis
1592 2389 1806 2423 irritamenta
1840 2400 1937 2433 para-

1262 2452 1396 2485 rentur,
1412 2452 1445 2476 et
1456 2444 1652 2476 sestertium
1665 2441 1779 2476 decies
1788 2467 1797 2483 ‚
1809 2441 1937 2474 centies

1262 2496 1390 2529 millies
1409 2497 1586 2538 sorsan,ut
1601 2496 1636 2529 in
1653 2507 1769 2529 mensa
1787 2494 1935 2539 Cleopa-

1262 2559 1342 2591 trae,
1362 2562 1433 2583 uno
1451 2550 1546 2583 velut
1560 2549 1685 2583 haustu
1703 2555 1920 2582 vorarentur.
