1901 3259
331 240 914 284 EPIGRAMMATUM
953 240 1076 282 LIB.
1116 239 1232 281 XII.
1424 234 1483 279 53

221 327 370 382 Quum
401 335 516 369 secta
542 324 709 370 Colcho
738 328 863 370 Luna
892 323 1068 386 vapulat
1097 325 1295 368 rhombo.

222 397 311 451 Tu⁷
335 397 514 456 Sparse,
544 397 681 440 nescis
706 397 808 450 ista,
829 413 908 440 nec
933 405 1056 456 potes
1085 397 1215 449 scire,

223 465 438 510 Petilianis
465 466 672 511 delicatus
703 468 747 510 in
776 467 940 527 regnis,

224 536 307 581 Cui
332 536 460 597 plana
486 554 678 581 summos
703 537 885 598 despicit
908 536 1064 580 domus
1089 545 1280 589 montes,

224 608 281 650 Et
310 623 383 651 rus
413 608 455 650 in
486 607 592 651 urbe
616 618 702 663 est,
722 608 966 668 vinitorque
990 609 1240 659 Romanus;

226 679 316 721 Nec
339 677 383 721 in
403 676 586 721 Falerno
612 677 721 722 colle
746 678 884 738 major
906 687 1162 733 autumnus,

226 749 432 808 Intraque
456 747 587 791 limen
609 748 779 792 clausus
801 748 950 793 essedo
976 765 1150 803 cursus,

226 818 283 860 Et
311 818 355 861 in
383 818 603 878 profundo
629 835 828 873 somnus,
851 828 894 862 et
920 819 1039 879 quies
1067 817 1196 862 nullis

227 886 408 932 Offensa
432 887 609 948 linguis;
640 905 721 933 nec
746 888 836 932 dies
851 923 862 943 ‚
887 890 966 932 nisi
990 888 1211 933 admissus.
1283 909 1292 918 .
1463 908 1491 930 25.

229 958 320 1001 Nos
341 959 603 1002 transeuntis
624 959 735 1003 risus
755 960 915 1003 excitat
933 959 1096 1013 turbae,

229 1029 285 1070 Et
309 1027 363 1070 ad
387 1028 527 1072 cubile
555 1038 619 1072 est
641 1030 781 1073 Roma
807 1047 814 1072 :
842 1029 968 1073 taedio
991 1028 1112 1073 fessis

227 1098 431 1142 Dormire
455 1099 628 1159 quoties.
651 1098 795 1155 libuit,
818 1101 930 1144 imus
956 1099 1008 1142 ad
1037 1098 1192 1143 villam.

89 1236 275 1271 deducitur
293 1239 433 1284 magicis
447 1239 742 1273 incantationibus
752 1264 759 1277 ‚

90 1290 150 1324 lib.
180 1291 255 1332 IX,
276 1292 384 1337 epigr.
411 1305 487 1325 xxx.
518 1310 530 1321 «
552 1292 638 1334 Quae
666 1304 761 1325 nunc

90 1343 290 1377 Thessalico
306 1345 442 1377 Lunam
454 1344 627 1379 deducere
643 1345 761 1378 rhom-

91 1396 150 1429 bo.
168 1413 180 1425 ι»
196 1396 321 1430 Sensus
340 1405 390 1431 est
413 1410 419 1430 :
446 1398 516 1431 Tot
539 1405 620 1431 sunt
642 1410 763 1431 manus

93 1461 169 1493 quae
186 1450 328 1494 pulsant
344 1462 410 1483 aera
435 1450 560 1496 quibus
578 1450 764 1484 deducitur

93 1501 209 1543 Luna,
230 1511 269 1536 ut
292 1505 473 1538 numerari
492 1512 671 1549 nequeant
689 1516 696 1537 :
717 1503 764 1536 ita

93 1566 205 1600 neque
228 1555 341 1589 somni
364 1555 612 1602 impedimenta
643 1569 765 1590 nume-

94 1607 163 1641 rari
179 1617 335 1654 possunt.

152 1672 206 1705 ¹7·
235 1661 322 1695 Iolco
358 1661 547 1707 legendum
580 1662 766 1696 arbitratur

96 1713 213 1747 Heius.
234 1713 339 1747 Ovid.
360 1715 396 1748 II
410 1742 417 1748 .
436 1728 471 1760 p.
496 1715 578 1749 163.
601 1716 691 1748 Lana
706 1716 767 1748 Be-

96 1765 253 1800 verlandi
278 1767 352 1801 MS.
375 1768 495 1800 Bombo
517 1768 554 1800 in
581 1780 688 1813 marg.
711 1767 765 1801 ed.

97 1819 174 1853 Par.
195 1832 208 1852 ι
219 1822 238 1853 6
248 1832 261 1852 1
271 1832 304 1863 7.
319 1841 369 1845 —
382 1820 501 1853 Colcho
514 1821 605 1853 Luna
620 1820 764 1865 vapulat.

98 1871 233 1906 Colcho
247 1898 256 1914 ‚
277 1871 313 1905 id
335 1880 405 1914 est,
427 1873 561 1918 magico
582 1899 591 1913 ‚
623 1881 769 1918 propter

97 1923 275 1968 Medeam,
291 1937 367 1970 quae
383 1925 536 1959 Colchis.
547 1947 598 1952 —
610 1926 747 1958 lembo
758 1952 765 1964 ,

100 1976 233 2023 magico
248 1978 479 2011 instrumento
488 2004 496 2019 ,
506 1978 569 2011 lib.
578 1979 629 2011 IX
639 2005 647 2020 ‚
661 1978 767 2023 epigr.

99 2043 186 2072 xxx,
208 2043 256 2064 vs.
281 2045 315 2075 9.

156 2096 170 2116 1
181 2085 213 2117 8.
226 2083 335 2117 Nescis
347 2085 421 2123 ista,
431 2092 495 2116 etc.
505 2085 638 2116 Damna
655 2084 770 2117 onmia

100 2145 133 2169 et
154 2136 250 2169 urbis
265 2136 450 2169 molestias.

157 2201 214 2232 19.
235 2189 423 2221 Peczmianis
456 2189 589 2222 Beverl.
619 2189 693 2221 MS.
719 2211 768 2215 —

100 2263 153 2269 -—
168 2242 353 2281 Petilianis,
372 2249 435 2274 etc.
458 2241 530 2282 Qui
555 2241 660 2275 habes
684 2254 771 2286 prae-

101 2295 231 2328 torium
244 2319 252 2335 ,
269 2293 306 2327 id
325 2302 393 2335 est,
415 2293 533 2327 villam
554 2295 771 2338 magnificam

102 2347 165 2381 sub
198 2347 379 2388 Janiculo‚
412 2347 447 2379 in
482 2359 565 2392 agro
592 2346 771 2392 quondam

103 2400 141 2433 L.
170 2399 281 2432 Petilii
307 2399 447 2440 scribae,
469 2400 528 2433 ubi
551 2412 611 2433 rex
637 2400 771 2439 Numa,

104 2460 189 2485 teste
212 2451 332 2490 Livio,
358 2452 422 2485 fuit
442 2452 609 2498 sepultus.
633 2454 684 2485 lta
706 2454 772 2486 Ra-

105 2503 221 2537 derus.
244 2503 336 2538 Vide
359 2505 419 2537 lib.
453 2506 517 2546 IV,
543 2505 651 2550 epigr.
679 2518 771 2538 Lxlv.

107 2578 155 2583 —-
176 2557 302 2601 Regnis.
319 2558 437 2602 Regna
457 2566 569 2591 autem
587 2557 673 2592 dicit
693 2570 773 2604 poe-

108 2618 139 2643 ta
151 2635 159 2648 ,
175 2610 400 2654 utVirgilius‚
412 2610 529 2656 Eclog.
545 2611 562 2643 I
574 2636 583 2650 ‚
600 2624 644 2655 70
658 2611 776 2644 :aPost

820 1240 951 1284 aliquot
974 1250 1048 1272 mea
1071 1251 1175 1284 regna
1203 1236 1324 1271 videns
1341 1239 1494 1272 mirabor

821 1292 949 1325 aristas.
967 1309 979 1321 »

878 1358 934 1378 20.
955 1344 1016 1377 Cui
1030 1345 1146 1389 plana,
1166 1352 1230 1378 etc.
1245 1343 1339 1378 Vide
1352 1344 1413 1377 lib.
1430 1345 1494 1385 IV,

821 1398 931 1443 epigr.
948 1409 1043 1438 Lx1v,
1057 1410 1108 1430 vs.
1129 1399 1160 1430 5.

879 1463 895 1482 2
908 1463 936 1483 1.
977 1451 1163 1496 l‘⁷init01·que
1199 1451 1369 1483 Romanus.
1403 1451 1493 1492 Quia

822 1503 952 1547 scilicet
972 1503 1072 1536 vinea
1093 1512 1143 1536 est
1163 1503 1199 1535 in
1221 1503 1295 1549 ipsa
1314 1504 1424 1536 Urbe.

879 1570 896 1589 2
906 1569 922 1589 2
930 1580 937 1588 .
947 1557 1086 1589 Falerno
1096 1556 1184 1589 colle.
1194 1557 1392 1602 Campaniae
1403 1569 1497 1589 nem-

823 1623 884 1655 pe,
901 1609 961 1642 ubi
979 1609 1066 1642 vites
1085 1617 1164 1642 sunt
1185 1617 1218 1642 et
1237 1609 1476 1642 amoenissimae
1489 1636 1497 1649 ‚

825 1671 857 1696 et
883 1662 1005 1707 optimi
1032 1662 1104 1695 vini
1132 1662 1356 1695 feracissimae.
1387 1662 1496 1695 Caete-

824 1728 918 1749 rum,
944 1715 1137 1748 Autumnum
1167 1714 1255 1748 dixit
1280 1715 1406 1748 Noster
1433 1728 1497 1760 pro

826 1770 899 1814 ipsa
911 1767 1098 1800 vindemia.

883 1834 899 1853 2
909 1820 926 1852 3
937 1847 942 1852 .
954 1821 1053 1852 Latus
1063 1820 1167 1852 essedo
1182 1821 1248 1853 alii.
1265 1821 1385 1853 Esiedo
1398 1822 1496 1853 curris

828 1873 960 1906 Beverl.
977 1872 1052 1905 MS.
1064 1890 1117 1898 —-
1129 1873 1279 1918 Intraque
1297 1874 1398 1906 limen.
1423 1873 1499 1907 Hoc

829 1935 878 1959 est
889 1952 897 1965 ‚
912 1926 1001 1958 intra
1017 1923 1143 1958 aedium
1159 1934 1296 1958 tuarum
1313 1934 1409 1972 septa
1424 1939 1499 1972 spa-

829 1980 917 2011 tium
941 1986 991 2011 est
1011 1978 1194 2023 gestationi
1213 1987 1246 2012 et
1269 1979 1383 2012 cursui
1403 1980 1499 2013 suffi-

829 2032 931 2064 ciens.
951 2030 1117 2064 Essedum
1131 2043 1237 2076 genus
1247 2040 1297 2065 est
1312 2031 1473 2066 vehiculi.

885 2084 944 2117 25.
966 2084 1041 2117 Nisi
1064 2084 1223 2117 admissus.
1253 2085 1370 2126 Quum
1391 2086 1502 2131 aperis

831 2145 905 2169 tuas
922 2137 1097 2169 fenestras.

886 2192 943 2223 26.
960 2189 1087 2222 Str-oma
1106 2188 1211 2223 idem.
1232 2190 1309 2223 MS.

887 2254 944 2286 27.
963 2242 1010 2274 Ec
1029 2242 1075 2274 ad
1088 2242 1197 2276 cubile.
1215 2243 1350 2276 Tantus
1367 2243 1501 2277 scilicet

831 2303 881 2328 est
896 2293 940 2328 ad
960 2307 1052 2328 meas
1075 2295 1165 2329 fores
1183 2296 1368 2340 strepitus,
1387 2305 1501 2329 tantus

831 2348 946 2392 fragor
960 2374 968 2388 ‚
997 2356 1035 2381 ut
1066 2355 1136 2381 tota
1168 2349 1278 2381 Roma
1307 2349 1378 2382 illic
1415 2357 1503 2382 stare

832 2401 920 2433 mihi
936 2399 1105 2434 videatur.

887 2454 943 2487 28.
970 2455 1053 2486 Imus
1078 2454 1124 2486 ad
1150 2454 1269 2486 villam.
1301 2452 1405 2494 Quod
1428 2466 1506 2487 sane

834 2505 897 2539 tibi
916 2518 987 2539 non
1011 2515 1059 2539 est
1081 2507 1336 2546 necessarium,
1359 2506 1422 2551 qui
1444 2506 1507 2540 vil-

834 2559 901 2591 lam
921 2559 992 2604 ipsa
1010 2559 1044 2592 in
1065 2559 1162 2592 Urbe
1179 2559 1283 2592 hahes
1295 2584 1303 2599 ,
1322 2567 1354 2591 et
1369 2568 1504 2593 noctem

838 2611 871 2644 in
897 2610 1054 2645 meridie.

1252 2713 1304 2776 43
