1901 3259
351 209 933 253 EPIGRAMMATUM
972 208 1099 250 LIB.
1140 207 1274 248 XIV.

1420 202 1515 251 263

658 359 980 418 CLXXV

602 517 794 545 DANAE
840 516 1026 545 PICTA-

183 642 284 685 CUR
314 657 338 684 a
366 650 406 684 te
432 642 618 701 pretium
648 643 826 696 Danae,
852 649 1058 701 regnator
1089 638 1294 700 Olympi,

256 712 459 772 Accepit,
486 712 618 772 gratis
650 712 684 755 si
715 711 791 756 tibi
821 711 939 755 Leda
972 709 1120 755 dedit?

172 863 201 884 1.
217 851 355 884 Servata&
368 850 444 884 cod.
461 851 496 883 in
513 863 618 896 marg.
633 850 686 884 ed.
705 851 782 884 Par.

119 908 226 948 1617.
251 926 301 930 —
321 903 387 937 Cur
407 918 425 936 a
447 912 484 937 te.
507 903 646 949 Jupiter
665 904 701 936 in
724 916 785 936 au-

114 969 190 989 rum
224 969 410 990 conversus
448 957 604 1002 corrupit
641 958 784 990 Danaen

845 851 989 892 Acrisii3
1007 850 1136 884 Ledam
1153 863 1235 883 vero
1251 851 1358 883 factus
1375 861 1506 895 cycnus
1518 875 1527 889 ‚

846 913 880 937 et
903 902 983 936 ideo
1000 907 1104 947 gratis
1124 903 1256 948 absque
1275 901 1398 936 dubio.

902 969 933 989 a.
954 955 1021 989 Sed
1035 955 1112 989 cod.
1128 956 1181 989 ed.
1200 956 1335 1000 Langii.
1364 958 1470 999 1617.

644 1091 987 1148 CLXXVL

492 1249 747 1277 PERSONA
788 1248 1150 1278 GERMANICA.

185 1377 287 1419 SUM
319 1373 439 1435 figuli
468 1374 585 1418 lusus
617 1374 698 1417 rufi
729 1391 915 1435 persona
946 1376 1108 1417 Batavi.

253 1446 363 1503 Quae
393 1455 438 1488 tu
465 1444 655 1499 derides,
682 1445 773 1488 haec
805 1446 927 1489 timet
957 1461 1034 1488 ora
1067 1461 1186 1505 puer.

184 1584 352 1634 Πλοὶς-ου
381 1588 537 1644 παῒγμα
561 1585 774 1644 πρόσωπον
802 1586 878 1644 ἐγὼ
904 1575 1068 1626 ῥούσοιο
1099 1587 1284 1626 Beat‘rovjo'J

254 1654 361 1714 Εἰμὶ·
387 1656 516 1715 γέλως
541 1655 610 1713 μέν
637 1672 722 1710 σοι,
747 1649 975 1714 παιδαρίοις
1003 1648 1048 1696 δὲ
1076 1651 1214 1711 φόὲος.

172 1806 200 1826 1.
220 1793 313 1825 [tussi
325 1790 403 1824 cod.
418 1790 625 1824 Beverlandi
638 1818 647 1830 ,
662 1791 724 1836 qui
737 1791 785 1823 sic

115 1853 211 1878 notat
229 1857 236 1878 z
258 1863 270 1874 «
284 1844 476 1889 Josephus,
498 1844 584 1876 XIX
601 1844 719 1888 Antiq.
742 1842 786 1876 de

116 1898 249 1931 Batavis
263 1898 520 1931 Germanorum
537 1896 623 1930 flore
638 1905 671 1929 et
686 1896 785 1929 satel-

114 1951 234 1984 litibus
255 1950 342 1984 Caii.
364 1950 532 1982 Homines
552 1949 688 1982 robusti
709 1961 786 1982 cor-

116 2004 208 2049 poris
219 2030 228 2045 ‚
261 2003 416 2036 hostium
449 2003 598 2048 impetus
629 2002 787 2047 excipere

114 2056 230 2098 soliti,
254 2055 313 2090 secl
340 2064 463 2088 natura
484 2054 666 2097 iracundi,
692 2054 787 2100 quod

114 2109 338 2154 plerumque,
357 2108 446 2154 quid
464 2108 569 2149 fiant,
589 2120 662 2141 non
684 2108 787 2142 intel-

113 2162 233 2207 ligant.
248 2163 316 2195 Per
331 2161 418 2195 iram
432 2162 550 2207 itaque
562 2170 679 2195 sontes
691 2163 788 2206 juxta

114 2223 217 2260 atque
232 2215 385 2248 insontes
403 2213 623 2248 trucidarunt
641 2213 787 2248 interfe-

114 2276 225 2301 ctores
237 2267 389 2301 Caesaris.
409 2268 468 2300 Sil.
483 2268 538 2300 III
550 2293 559 2308 ‚
574 2268 664 2301 608:
683 2285 695 2297 ι(
708 2268 787 2300 Jam

115 2333 201 2365 puer
213 2320 393 2354 auricomo
412 2319 672 2365 proeformidate
688 2321 788 2354 Bata-

116 2385 169 2406 vo.
179 2391 192 2402 u
201 2373 292 2414 Quia
303 2373 419 2417 itaque
429 2381 526 2406 erant
536 2373 695 2406 homines
706 2386 787 2419 qua-

113 2425 203 2460 drati
225 2433 259 2459 et
279 2424 535 2461 formidabiles,
559 2426 762 2459 innoeentes
776 2452 785 2467 ,

114 2478 263 2512 vafritiei
293 2487 450 2523 expertes
462 2504 471 2519 ,
499 2478 577 2511 ideo
606 2480 688 2513 tales
718 2493 783 2525 pro

114 2532 270 2576 corporis
292 2531 496 2564 satellitibus
513 2531 665 2565 habuere
683 2533 782 2565 Prin-

114 2585 215 2629 cipes.
243 2586 401 2618 Lucanus
429 2593 526 2617 truces
553 2593 663 2618 vocat.
691 2586 782 2618 Mar>

847 1791 986 1832 tiatvl,
996 1803 1115 1823 Lxxxn
1127 1790 1224 1832 dicit,
1235 1804 1354 1824 omnes
1365 1793 1436 1836 ejus
1446 1793 1522 1825 lau»

846 1842 930 1876 dare
948 1843 1195 1889 epigrammata
1214 1853 1447 1890 praeterquam
1463 1858 1522 1877 ‹m-

846 1910 893 1928 res
908 1897 1062 1936 Batavas,
1084 1895 1120 1929 id
1133 1905 1183 1929 est
1194 1923 1203 1938 ‚
1220 1905 1346 1942 praeter
1362 1898 1523 1931 homines

845 1948 1051 1994 quadratos,
1063 1950 1213 1983 vafritiei
1225 1959 1397 1995 expertes,
1413 1959 1447 1984 et
1460 1952 1521 1997 qui

845 2003 1134 2048 epigrammatum
1150 2003 1309 2048 linguam
1326 2011 1360 2036 et
1376 2016 1521 2037 acumen

846 2055 1125 2101 exprobrationis
1139 2057 1267 2089 sentire
1282 2056 1341 2089 vix
1357 2065 1504 2101 possunt
1515 2082 1524 2097 ‚

845 2108 891 2141 ob
912 2108 1099 2142 candorem
1118 2117 1152 2142 et
1173 2109 1360 2154 ingenuam
1382 2110 1523 2143 rustici-

846 2170 949 2194 tatem
965 2174 974 2203 ;
1008 2162 1100 2195 feros
1136 2170 1170 2195 et
1202 2162 1369 2195 immanes
1401 2171 1523 2196 nautas

846 2217 947 2247 vastis
977 2214 1122 2248 moribus.
1141 2232 1154 2244 1>
1185 2214 1323 2248 Habent
1349 2218 1415 2248 rusi
1440 2214 1522 2248 edd.

847 2275 930 2301 vett.
955 2289 1005 2294 —
1027 2267 1113 2312 Rufi.
1136 2267 1274 2311 Batavi,
1295 2276 1333 2300 ut
1352 2268 1409 2301 alii
1433 2269 1522 2301 Ger-

848 2321 958 2362 mani,
985 2321 1126 2366 capillos
1145 2321 1311 2354 rufabant
1325 2347 1334 2363 ‚
1357 2329 1395 2354 ut
1418 2333 1523 2366 supra

846 2374 956 2419 epigr.
981 2387 1080 2407 xxv1.

902 2439 934 2461 2.
947 2427 1028 2459 Hcec
1039 2430 1123 2460 timet
1135 2440 1190 2460 ora
1198 2440 1285 2472 puer.
1304 2427 1441 2459 Larvati
1459 2427 1524 2460 Ba-

845 2480 914 2513 tavi
930 2488 1009 2513 sunt
1031 2480 1156 2513 terrori
1172 2480 1300 2525 pueris.
1318 2479 1384 2512 Alii
1403 2505 1412 2522 ‚
1433 2492 1522 2524 prae-

843 2533 962 2566 sertim
985 2533 1089 2578 antiq.
1106 2533 1188 2566 libb¹
1206 2545 1261 2564 m'a
1271 2540 1384 2576 pater;
1408 2532 1522 2565 minus

844 2587 932 2619 bene
948 2608 956 2623 ‚
981 2595 1017 2619 ut
1038 2594 1142 2630 patet.
