1901 3259
332 215 924 259 EPIGRAMMATUM
963 215 1088 257 LIB.
1128 215 1267 258 XIV.

1422 229 1507 274 191

664 365 953 421 XLVIII.

660 502 981 550 HARPASTA.*

170 648 278 690 HAEc
306 648 418 707 rapit
442 649 581 692 Antaei
605 647 731 691 velox
757 649 801 690 in
825 648 1004 709 pulvere
1026 648 1235 704 draucus‚

240 717 434 761 Grandia
459 719 534 778 qui
561 734 672 763 vano
700 717 811 763 colla
837 717 985 762 labore
1011 718 1124 762 facit.

166 858 291 901 Ταῦθ’
315 859 463 918 ἥρπασ’
490 851 668 901 Ᾱνταίου
693 857 747 899 ἐνὶ
774 853 972 907 ςαδίοισιν
1000 858 1177 908 ἀθλητὴς

237 918 442 988 Ηλεμοίτῳ
466 927 602 971 τείνων
630 926 767 987 μακρὰ
791 928 977 988 τράχηλα
999 929 1124 984 πόνῳ.

146 1061 159 1076 ”
176 1067 356 1112 Harpasta.
370 1067 454 1100 Pilae
470 1078 598 1112 nempe
615 1074 714 1100 erant
727 1079 772 1100 ex

93 1120 189 1153 corio
209 1120 360 1162 factae31.
377 1121 444 1162 IV,
458 1133 512 1166 ep.
532 1132 610 1161 xix,
628 1122 684 1154 6.«
693 1120 772 1153 Sive

92 1172 252 1219 harpasta
262 1186 368 1206 manu
382 1173 628 1219 pulverulenta
639 1173 766 1218 rapis.»

92 1226 183 1259 —Iu
196 1227 311 1272 primo
322 1239 372 1261 vs.
386 1239 498 1278 graeco
509 1226 556 1260 sic
566 1234 679 1259 metro
690 1238 770 1259 con-

91 1279 182 1321 sule,
200 1273 331 1325 ἥρπαζε
345 1284 439 1314 ταῦτ’
450 1281 605 1313 Ανταίου.
620 1279 686 1312 Eo.

149 1343 179 1366 1.
198 1333 310 1366 Antaei
328 1333 436 1366 velox.
456 1333 525 1366 Pro
547 1333 602 1366 his
625 1331 768 1366 duobus

91 1385 232 1419 vocibus
252 1386 357 1420 habet
378 1387 547 1432 antitufloa:
577 1384 657 1419 cod.
683 1385 764 1419 Bev.

89 1437 184 1483 quod
205 1439 406 1473 barbarum.
421 1460 473 1466 —-
487 1439 601 1472 Annei
617 1439 764 1472 clf-aucus.

89 1491 309 1533 Palaestrites‚
320 1491 494 1526 studiosus
508 1492 687 1538 palaestrae,
697 1504 765 1537 qua

87 1544 214 1578 claruit
233 1546 374 1580 Antaeus
386 1571 394 1586 ,
413 1545 507 1591 gigas
526 1545 686 1578 immanis
705 1545 765 1590 qui

88 1597 239 1631 Africam
250 1598 425 1632 incolebat
434 1607 468 1632 et
479 1599 572 1632 lucta
579 1598 691 1632 victos
700 1598 766 1631 ho-

87 1650 192 1695 spites
219 1652 373 1685 necabat.
404 1650 577 1686 Pindarus
604 1651 762 1686 Isthmic.

87 1703 148 1736 lib.
167 1704 282 1737 Carm.
297 1705 362 1738 IV.
379 1705 470 1737 Eum
486 1712 602 1738 autem
618 1705 661 1738 ab
679 1704 765 1738 Her-

86 1756 164 1789 cule
178 1755 319 1790 tandem
331 1756 509 1791 domitum
520 1764 554 1790 et
566 1765 763 1803 peremtum

85 1809 202 1842 nullus
218 1810 366 1855 ignorat.
383 1811 501 1844 Liceat
518 1809 562 1843 de
580 1810 638 1843 illa
654 1811 762 1843 victo-

84 1861 133 1894 ria
160 1863 305 1896 Diotimi
337 1862 516 1909 cujusdam
549 1863 762 1909 epigramma

82 1915 236 1948 excitare
247 1942 257 1959 ‚
273 1915 369 1962 quod
384 1925 418 1950 et
439 1928 563 1962 parum
586 1924 711 1949 notum
727 1925 762 1950 et

83 1968 210 2010 notitia
232 1978 345 2003 tamen
369 1968 514 2015 dignum
534 1969 646 2002 fuerat
666 1963 678 2013 (
689 1971 760 2002 An-

82 2020 245 2067 thologiae
262 2022 325 2056 lib.
342 2016 380 2065 I)
396 2034 405 2056 ε
429 2022 496 2056 Τὰν
514 2020 595 2056 &Gom
614 2023 644 2061 ἐς
663 2022 760 2055 ἄεθλα

80 2076 188 2113 πάλας
215 2076 338 2111 ἤσκησε
357 2078 515 2121 κραταιᾶς
537 2069 566 2109 Ᾰ
585 2089 620 2108 τε
646 2078 761 2108 Ποσει-

80 2123 182 2166 δῶνος
213 2129 266 2162 καὶ
296 2129 367 2167 Δίος
400 2129 421 2161 ἁ
441 2130 548 2174 γενέα.
576 2131 693 2162 Κεῖται
719 2125 756 2161 δὲ

81 2178 150 2223 σφὶν
175 2181 260 2226 ἀγὼν
289 2182 323 2215 οὐ
348 2183 485 2225 χαλκέου
509 2181 581 2215 ἀντὶ
600 2179 757 2223 λε’ἕητος,

82 2226 155 2265 [HJJ
184 2234 270 2272 ὅστις
298 2233 380 2273 ζωὰν
412 2236 535 2269 οἴσεται
564 2234 584 2271 ἢ
605 2234 754 2268 θάνατον.

82 2279 217 2319 Ᾱνταίου
242 2288 278 2320 τὸ
304 2292 429 2333 πτῶμα
445 2303 451 2309 ·
473 2288 588 2333 πρέπει
615 2284 650 2319 δ’
666 2281 754 2332 1319oe-

78 2338 154 2371 κλέα
167 2341 255 2384 νικᾷν
270 2341 331 2373 Τὸν
347 2342 426 2379 Διός·
447 2335 586 2385 Ᾱργείων
604 2340 624 2373 ἁ
641 2341 754 2381 mim,

80 2392 111 2422 εὐ
127 2389 263 2426 Λιέύων.
274 2392 338 2427 Ευ.
354 2394 595 2427 —Turnebus
604 2393 666 2428 lib.
682 2394 733 2427 IX
744 2419 752 2433 ‚

832 1079 905 1112 cap.
938 1068 1006 1109 23,
1034 1079 1138 1102 sensu
1168 1068 1284 1102 minus
1308 1070 1507 1103 verecundo

832 1120 978 1166 intelligi
1001 1121 1095 1161 vult,
1113 1129 1218 1167 atque
1238 1122 1386 1156 alterum
1407 1122 1507 1157 disti-

832 1172 889 1206 chi
915 1186 1054 1207 versum
1079 1173 1123 1207 ad
1151 1174 1315 1208 eumdem
1338 1175 1508 1209 draucum

832 1226 958 1268 refert,
977 1227 1039 1272 qui
1059 1240 1170 1273 quum
1191 1228 1303 1262 mollis
1326 1229 1389 1269 sit,
1409 1229 1507 1262 fortis

828 1278 940 1312 videri
975 1280 1096 1326 cupit,
1124 1294 1214 1314 vano
1241 1281 1361 1315 labore
1392 1282 1503 1316 Antaei

827 1332 977 1366 cervices
1008 1345 1144 1379 aequare
1181 1343 1336 1368 conatus.
1366 1335 1416 1368 Ut
1442 1336 1506 1368 Ju-

826 1386 938 1419 venal.
959 1385 1027 1420 Sat.
1043 1388 1097 1420 III
1109 1413 1118 1429 ,
1135 1400 1183 1421 vs.
1210 1389 1269 1422 88.
1286 1387 1354 1422 Sed
1374 1389 1504 1433 poteris

825 1451 943 1472 vanum
970 1452 1147 1485 exponere
1173 1454 1253 1485 agro
1275 1442 1436 1482 inutilem,
1464 1450 1503 1475 ut

825 1501 984 1537 sequent.
1015 1493 1126 1539 epigr.
1154 1494 1503 1528 Famab.-Mirun1

825 1544 883 1578 hic
909 1554 1062 1592 satagere
1085 1547 1178 1581 viros
1204 1546 1347 1589 doctos,
1368 1556 1402 1581 et
1430 1561 1501 1581 non

825 1597 967 1641 videre,
986 1598 1156 1633 draucum
1175 1600 1330 1634 velocem
1349 1601 1424 1634 haec
1446 1614 1500 1635 ra-

823 1664 906 1696 pere
920 1655 952 1684 ιή
961 1653 1087 1697 pulvere
1098 1653 1221 1694 Αηίιεί,
1240 1653 1500 1699 accipiendum3

823 1712 857 1737 et
871 1705 975 1750 pulvis
993 1706 1107 1739 Anlaei
1126 1707 1280 1740 sumitur
1295 1707 1500 1752 simpliciter

822 1769 888 1802 pro
912 1758 1070 1804 palaestra
1092 1758 1128 1791 in
1151 1771 1289 1805 genere.
1304 1759 1398 1793 Vide
1417 1760 1498 1794 Dia-

823 1810 939 1844 triben
950 1810 995 1844 nd
1011 1811 1158 1845 Statium
1169 1838 1178 1853 ,
1190 1825 1263 1858 cap.
1285 1817 1339 1852 24.
1355 1812 1498 1847 Gronov.

879 1876 910 1897 2.
933 1864 1081 1897 Grandia
1103 1868 1165 1910 qui.
1184 1865 1383 1899 Palaestritae
1403 1867 1496 1900 enim

821 1924 861 1949 ut
880 1917 1043 1951 fortiores
1063 1927 1194 1960 essent,
1215 1918 1344 1952 collum
1362 1918 1495 1965 produ-

820 1980 898 2003 cere
915 1970 1093 2012 solebant3
1110 1980 1145 2005 et
1159 1971 1218 2005 hic
1234 1973 1332 2018 juvat
1349 1972 1495 2018 allegare

818 2022 944 2056 Juven.
972 2024 1009 2056 in
1038 2023 1107 2058 Sat.
1144 2025 1219 2065 ΙΙΙ,
1248 2025 1363 2058 locum
1389 2037 1493 2071 quem

818 2074 998 2109 dumtaxat
1019 2076 1186 2111 indicavit
1217 2071 1316 2121 (vid.
1344 2086 1418 2112 not.
1451 2078 1494 2112 ad

817 2140 866 2161 vs.
887 2126 920 2169 1)
939 2129 1131 2163 Farnabius
1150 2141 1158 2163 ε
1180 2148 1194 2160 «
1210 2130 1254 2164 Et
1273 2131 1420 2176 longum
1439 2131 1492 2165 in-

815 2180 921 2215 validi
935 2183 1063 2216 collum
1079 2183 1274 2217 cervicibus
1286 2193 1397 2230 aequat
1408 2185 1495 2218 Her·

815 2233 901 2268 culis
922 2236 1084 2270 Antaeum
1110 2237 1234 2282 procul
1257 2249 1275 2270 a
1295 2238 1419 2271 tellure
1440 2246 1490 2271 te-

809 2289 941 2322 nentis.
951 2290 1120 2322 ›2—Van0
1135 2290 1252 2323 labore.
1270 2290 1352 2332 Quo
1365 2303 1492 2336 nempe

816 2340 940 2374 frustra
952 2350 1159 2379 exercentur
1169 2342 1302 2378 debiles
1318 2351 1352 2378 et
1366 2344 1488 2377 molles

815 2393 986 2430 homines.
