2044 3292
528 209 621 254 282
899 211 958 254 M.
985 212 1125 256 VAL.
1165 213 1554 257 MARTIALIS

1116 360 1345 420 CCVL

1101 499 1365 548 εΕεΤοε.ζ

728 644 888 687 CoLLo
913 652 1037 687 necte
1060 659 1169 704 puer
1194 659 1337 687 meros
1359 659 1529 687 amores
1545 679 1556 697 ‚

725 714 888 757 Ceston
911 712 965 758 de
985 715 1169 758 Veneris
1194 715 1288 758 sinu
1312 713 1552 771 calentem„

725 854 859 897 Αὐτὸν
891 849 1013 902 δῆσαι
1043 856 1199 915 ἔρωτα,
1229 859 1330 912 παῖ,
1356 855 1572 916 τραχήλῳ,

724 927 891 984 Ζωστῆῤ
921 924 961 968 ὃν
988 926 1149 986 Παφίης
1171 924 1317 984 ἔθαλψε
1338 926 1500 974 κόλπος.

562 1055 576 1069 ⁴¹
592 1060 696 1094 Nulla
731 1060 769 1094 in
799 1062 902 1108 hujus
925 1061 1065 1096 distichi
1093 1064 1182 1097 scri·
1240 1063 1503 1110 percutiebatur
1514 1089 1524 1104 ‚
1550 1062 1765 1108 percussoris
1803 1074 1920 1095 amore

510 1121 612 1158 ptura
636 1114 781 1147 varietas
802 1123 852 1148 est
874 1117 1153 1150 membranarum
1170 1141 1179 1157 ‚
1242 1115 1516 1150 incendebatur:
1540 1115 1671 1149 idcirco
1696 1115 1798 1148 Poeta
1820 1123 1921 1148 vocat

508 1166 604 1200 nulla
621 1166 806 1201 librorum.
1244 1178 1362 1204 ceston
1390 1182 1489 1202 meros
1509 1182 1639 1202 umores.

568 1232 581 1253 1
592 1245 599 1253 .
622 1220 728 1253 Meros
748 1233 867 1254 amores
890 1221 920 1256 C
919 1229 1014 1256 eston.
1039 1223 1090 1256 De
1111 1235 1181 1268 quo
1297 1236 1328 1256 2.
1342 1224 1392 1255 De
1406 1223 1534 1255 Veneris
1547 1224 1616 1254 sitm
1629 1221 1790 1253 calentem.
1801 1219 1858 1252 Sic
1870 1220 1921 1253 in-

509 1272 584 1305 fuse
595 1271 746 1308 diximus
762 1274 879 1307 lib.VI
891 1301 900 1316 ,
913 1275 1022 1320 epigr.
1037 1288 1126 1317 nu,
1147 1276 1179 1309 5.
1243 1276 1320 1308 nuit
1335 1275 1441 1309 modo
1457 1274 1653 1320 depositam
1669 1286 1791 1307 zonam
1813 1285 1830 1305 a
1848 1274 1918 1306 Dea

509 1324 658 1360 Veneris
668 1339 793 1373 nempe
803 1328 868 1361 fuit
882 1328 1031 1369 balteus,
1042 1341 1111 1374 quo
1121 1329 1182 1374 qui
1241 1327 1353 1362 divini
1369 1336 1403 1362 et
1419 1328 1559 1374 pulchri
1577 1326 1707 1373 aliquid
1725 1326 1887 1360 retinere.

1084 1462 1340 1521 CCVIL

1116 1597 1301 1648 mmm*

568 1747 699 1791 SUME
731 1746 993 1807 Cytheriaco
1025 1744 1288 1789 medicatum
1322 1754 1497 1788 nectare
1530 1753 1700 1788 ceston:

639 1818 763 1861 Ussit
793 1826 1032 1860 amatorem
1060 1815 1226 1860 balteus
1254 1816 1331 1859 iste
1357 1817 1524 1859 Jovem.

568 1959 662 2013 Δέξο
690 1963 930 2022 Κυθηριακῷ
958 1964 1196 2023 φαρμακτὸν
1225 1964 1387 2022 νέκταρι
1417 1963 1547 2012 neg-dv·

638 2021 787 2093 ἤφλεξε
813 2029 944 2093 ζωςῆρ
969 2032 1084 2084 οὗτος
1111 2035 1263 2092 ἐρῶντα
1289 2033 1374 2075 Δία.

549 2164 564 2179 *
592 2163 717 2211 Neque
751 2166 786 2198 in
820 2166 887 2200 hoc
923 2166 1170 2211 epigrammate
1286 2179 1316 2198 2.
1341 2166 1426 2197 Ussit
1452 2173 1633 2196 amatorem.
1656 2164 1751 2197 Juno
1778 2175 1908 2209 nempe

499 2217 697 2253 exhibendo
717 2219 785 2251 ulla
805 2227 855 2252 est
878 2219 950 2252 sive
969 2218 1071 2252 codd.
1099 2219 1170 2251 sive
1228 2219 1295 2251 hoc
1312 2218 1427 2251 balteo
1442 2218 1565 2250 Jovem
1580 2218 1781 2262 percutiens
1795 2216 1838 2250 ad
1854 2217 1905 2250 sui

496 2273 668 2307 librorum
683 2270 868 2305 discordia.
881 2271 974 2305 Vide
986 2273 1170 2306 Commen—
1229 2283 1381 2304 amorem
1397 2270 1524 2309 allicit,
1540 2279 1573 2303 et
1585 2271 1627 2303 ab
1641 2271 1717 2303 aliis
1730 2269 1906 2303 amoribus

495 2334 622 2359 tatores
641 2324 778 2358 Horatii
801 2323 843 2358 ad
865 2323 966 2358 Oden
989 2337 1059 2358 nn
1075 2352 1083 2364 ,
1109 2325 1167 2357 lib.
1231 2323 1391 2362 cohibet,
1420 2332 1504 2357 teste
1534 2324 1698 2356 Homero.
1718 2322 1810 2356 Vide
1844 2323 1903 2356 lib.

495 2380 530 2420 I,
550 2379 594 2413 15
619 2386 652 2412 et
671 2391 739 2424 seq.
767 2395 781 2408 ιι
797 2378 926 2418 oscula,
947 2390 1025 2423 quae
1047 2379 1167 2410 Venus
1230 2378 1299 2418 Vl,
1318 2377 1428 2422 epigr.
1444 2388 1525 2409 x111.
1541 2378 1646 2410 -At
1662 2377 1748 2409 mihi
1766 2375 1904 2409 videtur

494 2432 627 2474 Quinta
640 2440 740 2477 parte
753 2431 806 2465 sui
825 2431 974 2465 nectaris
988 2431 1124 2464 imbuit.
1149 2447 1161 2459 ›-
1226 2430 1333 2463 Poeta
1353 2430 1506 2463 innuisse
1532 2443 1602 2462 non
1627 2442 1781 2463 amorem
1803 2429 1901 2462 Jovis

549 2498 581 2519 1.
605 2485 795 2518 Medicatum
816 2492 950 2517 nectar-e.
973 2483 1043 2517 Cui
1060 2483 1164 2517 nimi·
1226 2491 1432 2528 perpetuum
1446 2509 1452 2521 ,
1466 2495 1547 2527 ergo
1559 2495 1624 2516 nec
1635 2494 1803 2522 uxorem3
1817 2480 1902 2527 quid

492 2551 569 2572 rum
602 2537 867 2571 inenarrabilem
909 2535 1095 2583 quamdam
1131 2544 1165 2570 et
1223 2537 1316 2569 enim
1337 2536 1403 2569 hoc
1426 2548 1542 2569 auiore
1559 2535 1700 2569 falsius?
1724 2533 1783 2569 sed
1808 2533 1901 2567 dun-

492 2591 587 2624 velut
600 2591 766 2636 magicam
779 2591 970 2636 potentiam
983 2590 1160 2623 instillavit
1225 2598 1313 2622 taxat
1330 2589 1544 2622 homericam
1559 2589 1710 2622 fabulam
1729 2586 1900 2622 concubi-

493 2642 688 2690 Cytheriaci
706 2644 853 2677 nectaris
873 2643 1011 2677 infusio.
1224 2651 1277 2675 tus
1294 2642 1329 2675 in
1352 2641 1413 2675 Ida
1434 2650 1565 2675 monte.
