1901 3259
345 207 925 253 EPIGRAMMATUM
964 207 1090 250 LIB.
1132 206 1246 249 XII.

1437 220 1491 265 71

635 371 953 428 LXXVL

575 528 638 556 DE
685 505 1026 556 AGRICOLA.*

162 654 401 697 Ammoni
433 654 632 713 vigessis‚
665 653 834 697 modius
866 652 995 696 datur
1022 667 1104 695 aere
1135 660 1360 711 quaterno.

230 723 388 767 Ebrius
411 733 454 767 et
478 723 637 768 crudus
662 722 720 767 nil
746 723 879 767 habet
901 721 1103 783 agricola.

144 862 158 876 ³
181 868 231 899 De
249 870 380 900 caritate
396 869 465 899 vini
484 865 564 900 edd.
581 875 665 900 vett.
688 879 762 899 0111-

91 931 151 952 nes
173 927 206 952 et
227 920 352 966 Delph.
374 920 476 953 Certe
499 919 546 952 ait
568 919 763 961 Flosculus,

90 972 211 1006 titulus
227 973 316 1005 male
333 981 523 1017 conceptus
538 984 546 1005 :
560 984 643 1005 nam
657 971 701 1005 de
715 972 764 1005 vi-

89 1024 183 1058 litate
209 1037 356 1058 annonae
383 1025 469 1071 agit,
491 1023 588 1070 quod
617 1025 693 1058 Cic.
726 1026 761 1057 in

90 1077 192 1110 Verr.
207 1078 261 1111 111
271 1103 281 1119 ‚
295 1076 424 1111 diserte
437 1077 586 1123 explicat
597 1089 627 1110 :n
643 1077 697 1111 Ad
712 1077 763 1110 in-

87 1139 221 1164 certum
241 1143 357 1164 casum
376 1138 410 1164 et
426 1139 592 1164 eventum
610 1130 762 1164 incertus

89 1183 275 1228 quotannis
295 1183 394 1217 labor
414 1191 447 1217 et
466 1192 580 1217 certus
602 1191 761 1230 sumptus

89 1235 314 1280 impenditur.
337 1253 350 1265 »
372 1238 520 1270 Annona
547 1249 655 1283 porro
681 1249 761 1282 pre-

89 1289 197 1330 tium,
219 1290 286 1323 nisi
312 1290 348 1323 in
376 1290 569 1324 calamitate
590 1290 758 1330 maxima,

90 1355 161 1376 non
182 1342 296 1376 habet.

145 1408 176 1429 1.
207 1396 333 1429 Vicenis
351 1396 490 1430 Thuan.
521 1395 599 1429 cod.
623 1396 760 1441 Vigetiis

89 1449 167 1482 Vat.
182 1449 310 1494 Vigessc'
320 1447 399 1482 edd.
411 1449 437 1482 F
440 1461 511 1482 arn.
527 1456 561 1483 et
570 1449 757 1483 Barb.Vid.

90 1501 169 1535 Not.
193 1502 271 1536 infr.
293 1524 345 1529 --
365 1503 474 1535 Datur
503 1515 562 1536 aere
597 1511 756 1549 quaterno.

88 1555 163 1589 Hoc
175 1563 243 1595 est,
265 1556 378 1601 inquit
389 1556 580 1590 Farnabius
594 1581 602 1596 ‚
615 1564 685 1589 tam
700 1556 758 1589 vili

89 1609 199 1653 pretio
221 1608 383 1642 venditur
405 1621 543 1643 annona
559 1634 567 1648 ,
600 1617 638 1642 ut
663 1609 759 1643 malit

87 1661 235 1706 agricola
252 1662 464 1707 ingurgitare
478 1675 511 1696 se
526 1661 569 1696 ad
581 1663 757 1708 crapulam

89 1727 198 1759 usque
213 1723 247 1748 et
264 1715 484 1759 ebrietatem,
502 1728 609 1760 quam
624 1716 758 1748 tantulo

87 1768 200 1811 pretio
227 1767 349 1800 vinum
377 1776 408 1801 et
434 1768 650 1801 frumentum
679 1781 760 1801 ven-

88 1818 181 1853 dere.
197 1820 396 1854 Gronovius
411 1833 492 1854 vero
507 1821 671 1866 intelligit
685 1821 764 1855 hea-

824 876 876 900 tos
904 865 1049 912 quidem
1077 878 1150 899 esse
1178 865 1364 910 agricolas,
1391 877 1500 910 quum

823 919 1004 953 abundent
1023 919 1107 952 vino
1124 926 1159 952 et
1174 919 1376 959 frumento;
1393 925 1427 951 at
1445 917 1499 950 in-

822 972 939 1005 felices
957 999 965 1014 ,
994 971 1074 1017 quia
1095 984 1135 1005 ex
1161 971 1339 1004 frumento
1361 978 1394 1003 et
1415 969 1498 1003 vino

823 1024 965 1058 vendito
987 1024 1076 1058 nihil
1102 1036 1329 1056 nummorum
1355 1023 1499 1056 reficere

823 1085 967 1123 possunt
990 1077 1026 1110 in
1054 1084 1150 1111 tanta
1179 1088 1325 1109 annonae
1352 1075 1497 1109 vilitate.

823 1130 942 1172 Quare
971 1130 1187 1171 inscribunt,
1210 1130 1261 1161 De
1285 1130 1410 1162 vilitate
1431 1130 1501 1160 vini

821 1191 853 1216 et
863 1184 1028 1226 frumentii
1051 1182 1120 1216 Alii
1137 1183 1188 1215 De
1201 1182 1371 1227 Agricola.
1385 1181 1500 1226 Eligat

820 1237 941 1270 lector.

877 1303 908 1323 2.
922 1288 1041 1322 Ebrius
1054 1297 1083 1321 et
1094 1288 1218 1322 crudus.
1228 1288 1303 1321 Hoc
1317 1295 1382 1326 est,
1401 1287 1500 1332 Agri-

820 1344 895 1376 cola
925 1353 1055 1376 coenam
1084 1341 1325 1387 potentiorum
1354 1347 1497 1386 captat3

821 1404 925 1442 atque
941 1396 987 1428 ita
1001 1395 1037 1428 in
1050 1407 1174 1441 magna
1186 1394 1260 1427 vini
1280 1401 1313 1427 et
1330 1392 1495 1426 frumenti

819 1449 959 1483 caritate
976 1474 984 1489 ,
1015 1448 1095 1482 licet
1124 1460 1256 1494 pauper
1285 1447 1348 1487 sit,
1378 1455 1496 1480 tamen

819 1515 956 1548 semper
978 1502 1094 1535 ebrius
1117 1510 1150 1535 et
1170 1509 1266 1534 satur
1287 1508 1348 1533 est.
1372 1498 1496 1532 Gradus

820 1555 965 1596 dicitur,
983 1555 1045 1600 qui
1063 1554 1205 1595 nimios,
1225 1566 1312 1599 quos
1323 1550 1495 1590 comedit,

820 1609 915 1642 cibos
929 1620 1083 1654 coquere
1099 1607 1303 1652 nequit.Vel
1322 1605 1494 1650 intellige,

820 1663 934 1707 inquit
967 1660 1140 1699 Raderus‚
1174 1660 1357 1705 agricolam
1386 1658 1410 1691 si
1443 1658 1496 1689 vel

820 1716 923 1748 semel
951 1723 1045 1759 potet
1069 1714 1121 1746 vel
1145 1720 1252 1746 coenet
1282 1711 1405 1744 lautius
1421 1737 1428 1749 ,
1452 1709 1495 1743 ml

821 1776 1003 1812 egestatem
1036 1765 1157 1811 redigi.
1183 1787 1232 1791 —-
1253 1765 1353 1797 Prior
1381 1775 1497 1797 sensus

822 1822 924 1853 unice
946 1820 1070 1852 bonus.

621 1967 957 2023 LXXVM.

575 2124 642 2151 DE
690 2101 1004 2152 AETHONTE.*

297 2249 480 2294 MULT1s
505 2248 608 2292 dum
636 2249 836 2309 precibus
856 2251 1009 2292 Jovem
1034 2246 1213 2298 salutat,

297 2321 425 2363 Stans
452 2336 646 2364 summos
673 2320 901 2379 resupinus
925 2335 1060 2378 usque
1084 2318 1126 2360 in
1154 2332 1342 2376 ungues,

142 2472 155 2483 “
174 2476 232 2509 Ad
254 2476 419 2510 Ceclmnem
437 2478 573 2511 Thuan.
596 2477 672 2511 cod.

149 2541 177 2561 1.
197 2529 317 2562 Multis.
339 2530 465 2564 Nonne
482 2533 571 2564 mutis
587 2531 692 2565 satius
709 2533 759 2564 so·

91 2581 165 2614 ret?
194 2580 262 2615 Sed
288 2581 391 2616 codd.
418 2596 522 2618 manu
549 2584 676 2619 exarati
704 2597 762 2618 ne-

97 2634 223 2669 scimus
243 2647 284 2668 an
316 2635 460 2669 faveant⁴

881 2490 910 2510 2.
938 2477 1033 2511 Stans
1059 2489 1200 2509 ummzos.
1227 2475 1303 2507 Mos
1325 2481 1397 2506 erat
1419 2484 1497 2517 pre-

826 2531 1005 2570 cantium,
1043 2539 1080 2563 ut
1118 2528 1238 2562 caelum
1276 2525 1497 2572 respicientes

825 2584 1002 2629 resupini,
1033 2582 1175 2616 summis
1217 2579 1341 2626 pedum
1377 2577 1494 2623 digitis

825 2637 1033 2670 insisterent.
1062 2636 1236 2668 Domitius.

1234 2705 1255 2747 ζ,
1275 2705 1287 2723 ⁴
