1901 3259
343 230 932 273 EPIGRAMMATUM
972 231 1094 273 LIB.
1135 231 1271 275 XIV.

1420 231 1508 292 193

738 384 841 438 Ll.

985 516 1000 532 ,μ

609 536 953 565 STRIGILES.

170 663 431 705 PERGAMUS
459 660 537 704 has
569 661 685 703 misit
715 677 722 701 :
748 676 884 704 curvo
911 659 1179 721 destringere
1212 662 1350 718 ferr03

240 733 341 775 Non
376 740 464 774 tam
495 747 607 791 saepe
638 739 751 773 teret
775 729 906 774 lintea
937 729 1043 774 fullo
1073 731 1161 774 tibi.

170 872 429 934 Περγαμόθεν
451 872 702 931 πέμφθησαν·
729 874 842 923 ὅπλῳ
866 869 1098 933 στλεγγίζεο
1122 880 1268 932 κυρτῷ·

239 945 332 1002 Οὐχ
357 945 484 992 οὕτως
506 945 526 984 ὁ
553 943 725 1002 γναφεὺς
749 943 889 985 λευκὸν
917 944 1084 1002 ὕφασμα
1113 939 1254 1003 τριῧεῖ.

153 1077 167 1090 *
200 1081 358 1126 Strigiles.
395 1080 526 1114 Graecis
559 1077 748 1125 στλεγγίδες
770 1106 779 1121 ,

99 1132 317 1181 σπλεγγίὸες,
339 1133 471 1179 ξυστραὶ
495 1129 653 1172 σπαθίὸες
673 1130 779 1172 (Vid.

99 1188 168 1222 Jul.
192 1188 282 1222 Poll.
307 1180 526 1230 Onomast.),
544 1186 780 1220 instrumenta

99 1249 199 1276 erant
213 1241 341 1286 quibus
352 1265 362 1282 ,
374 1247 565 1286 antequam
582 1240 704 1272 balnea
725 1239 780 1272 in-

98 1293 351 1340 grederentur,
373 1292 519 1339 Antiqui
541 1300 656 1325 cutem
677 1291 779 1326 rade-

100 1348 185 1381 bant
209 1356 244 1381 et
264 1347 449 1381 collectum
475 1346 512 1379 in
533 1346 695 1392 palaestra
719 1358 778 1379 su-

100 1399 221 1434 dorem
254 1409 288 1434 et
320 1400 481 1433 collectas
514 1398 551 1432 in
586 1399 779 1432 conisterio

100 1453 221 1487 sordes
233 1479 242 1495 ,
261 1453 297 1486 in
318 1452 480 1499 alipterio
510 1464 570 1485 seu
589 1452 778 1485 unctuario

101 1506 378 1552 (lestringehant.
400 1505 444 1538 Id
471 1513 590 1538 autem
613 1517 686 1538 non
711 1505 778 1550 ipsi

102 1560 292 1600 faciebant,
310 1558 370 1592 sed
386 1558 543 1592 officium
559 1567 632 1591 erat
645 1557 749 1592 unius
761 1571 779 1591 e

101 1612 316 1646 mediastinis
327 1639 336 1654 ‚
349 1612 416 1645 hoc
427 1619 477 1645 est
489 1637 497 1650 ,
516 1623 556 1644 ex
573 1610 781 1644 humillimis

102 1675 136 1700 et
154 1665 328 1700 vilissimis
346 1664 466 1698 servis.
480 1664 608 1696 Oleum
621 1676 728 1709 porro
747 1672 781 1696 et

102 1719 217 1765 pulvis
233 1727 267 1752 et
279 1717 398 1752 sordes
411 1730 487 1764 quae
502 1715 776 1755 deradebantur,

102 1773 222 1806 omnia
251 1772 353 1805 simul
388 1772 493 1804 mixta
533 1768 711 1803 medicum
743 1769 779 1801 in

102 1838 204 1859 usum
239 1825 504 1858 asservabantur
530 1832 564 1856 et
587 1823 630 1856 ab
660 1821 782 1855 Atticis

103 1880 267 1917 κονίσαλος
291 1878 346 1911 vel
372 1877 476 1915 πάτος
499 1876 781 1922 appellabantur3

104 1931 149 1965 de
165 1943 234 1977 qua
253 1943 291 1964 re
311 1929 366 1964 adi
388 1930 416 1964 si
435 1930 522 1962 libet
543 1928 697 1962 Plinium
718 1927 780 1961 lib.

105 1985 276 2024 XXXIV,
288 1995 365 2029 cap.
379 1985 413 2026 8,
423 1980 663 2016 Dioscoridem
676 1981 737 2014 lib.
748 1982 765 2014 I
774 2007 783 2022 ,

105 2050 182 2083 cap.
199 2038 247 2071 30
259 2064 267 2078 ‚
284 2037 458 2071 Galeuum
472 2035 593 2081 Simpl.
609 2035 672 2068 lib.
684 2035 781 2067 VIII.

104 2090 261 2132 Persius,
284 2090 353 2124 Sat.
372 2091 418 2131 V,
446 2091 532 2122 126.
560 2106 573 2117 «
593 2089 609 2120 I
628 2100 727 2133 puer,
749 2095 784 2120 et

104 2143 254 2189 strigiles
268 2142 421 2188 Crispini
440 2141 483 2175 ad
501 2142 623 2174 balnea
643 2140 776 2174 defer.»

106 2197 282 2230 Caeterum
296 2220 306 2237 ,
329 2197 357 2230 si
378 2195 446 2241 qua
467 2196 578 2228 forma
601 2202 690 2227 esset
706 2196 781 2226 stri-

104 2251 180 2293 gilis
201 2261 369 2295 cognosse
388 2248 562 2294 cupiveris
575 2272 585 2289 ,
604 2248 782 2293 optimum

107 2304 173 2337 erit
195 2316 262 2336 aere
289 2301 499 2348 descriptam
527 2309 684 2347 spectare
720 2300 780 2334 lib.

108 2357 144 2397 I,
167 2369 243 2401 cap.
274 2358 293 2390 8
321 2354 415 2401 apud
438 2354 684 2388 Mercurialem
721 2355 779 2399 qui

107 2409 168 2442 has
186 2409 272 2442 olim
291 2408 382 2442 inter
397 2409 486 2454 Imp.
501 2406 645 2452 Trajani
662 2406 782 2440 ruinas

109 2462 157 2495 ait
176 2469 342 2507 repertas.
365 2460 543 2494 Addemus
566 2470 681 2494 tamen
704 2460 783 2493 illo-

109 2527 188 2548 rum
211 2516 246 2548 in
267 2514 415 2559 gratiam
434 2514 561 2559 quihus
585 2514 678 2547 hanc
705 2526 783 2559 spe-

109 2566 227 2602 ctandi
251 2567 353 2613 copia
372 2580 445 2600 non
467 2567 534 2600 erit
547 2565 631 2599 duas
656 2565 785 2600 descri-

111 2621 269 2665 ptiones,
288 2620 378 2653 hanc
400 2633 441 2653 ex
462 2619 598 2664 Apuleii
618 2619 787 2660 Floridis,

187 2735 275 2776 Ill.

841 1080 935 1112 illam
954 1093 972 1113 e
994 1080 1172 1126 Symposii
1185 1084 1451 1128 AEnigmatibus.
1475 1087 1520 1120 Et

843 1131 985 1178 quidem
1009 1133 1059 1167 sic
1086 1133 1316 1180 Symposius:
1338 1154 1351 1167 ιι
1378 1139 1499 1184 Rupea
1514 1166 1522 1181 ,

841 1198 964 1227 curva,
987 1199 1114 1232 capax,
1133 1187 1255 1221 alienis
1276 1189 1420 1225 humida
1443 1202 1522 1238 gut-

840 1239 905 1280 tis,
924 1240 1138 1273 Luminibus
1160 1241 1253 1275 falsis
1276 1244 1351 1276 auri
1377 1247 1523 1281 mentita

841 1293 1016 1334 colorem,
1046 1292 1170 1327 Dedita
1202 1294 1346 1337 sudori,
1382 1298 1522 1333 modico

840 1346 1033 1380 succumbo
1057 1346 1180 1391 labori.
1196 1365 1208 1377 ι)
1229 1349 1398 1395 Apuleius
1420 1365 1522 1393 vem,

839 1398 980 1444 Hippiae
991 1400 1286 1445 magnificentiam
1299 1403 1336 1436 in
1352 1404 1525 1440 instruen-

840 1451 893 1485 dis
921 1461 955 1486 et
977 1453 1186 1498 apparandis
1213 1456 1325 1501 epulis
1349 1458 1520 1493 laudans:

846 1523 940 1538 .....
963 1507 1131 1552 juxtaque
1161 1507 1341 1543 honestam
1373 1513 1522 1558 strigile·

842 1559 956 1592 culam
967 1585 975 1598 ‚
992 1568 1085 1592 recta
1102 1561 1322 1606 fastigatione
1335 1565 1499 1599 clausulae
1510 1592 1520 1605 ,

841 1611 927 1645 flexa
948 1613 1167 1646 tubulatione
1186 1614 1319 1660 ligulae,
1338 1627 1375 1651 ut
1396 1628 1429 1652 et
1448 1619 1523 1664 ipsa

840 1677 964 1698 manus
985 1666 1113 1710 capulo
1138 1675 1336 1702 moraretur
1360 1680 1395 1703 et
1413 1672 1522 1706 sudor

840 1729 881 1749 ex
902 1729 940 1750 ea
958 1717 1074 1750 rivulo
1087 1718 1302 1755 laberetur.»

899 1782 913 1803 1
925 1796 932 1802 .
947 1770 1127 1815 Pergamon
1140 1771 1284 1807 Gruter.
1296 1787 1314 1807 e
1324 1776 1404 1810 MS.
1419 1778 1517 1812 destr.

842 1821 919 1856 cod.
940 1822 976 1854 in
995 1835 1102 1867 marg.
1121 1823 1176 1858 cd.
1195 1825 1272 1859 Par.
1291 1830 1386 1874 1617
1400 1843 1409 1872 3
1425 1831 1518 1864 distr.

842 1874 922 1908 edd.
940 1884 1024 1909 vett.
1050 1885 1084 1909 et
1103 1878 1230 1923 Delph.
1249 1888 1283 1912 et
1304 1880 1452 1917 Farnab.
1466 1907 1518 1910 *-

842 1929 1030 1972 Pergamus.
1052 1930 1145 1964 Urbs
1172 1931 1261 1964 Asiae
1285 1933 1458 1978 Minoris,
1482 1938 1518 1971 in

841 1981 973 2026 Mysia3
990 1981 1129 2027 imperii
1143 1984 1222 2017 satis
1238 1987 1324 2020 vasti
1343 1996 1377 2021 et
1393 1998 1520 2034 poten-

841 2034 885 2067 tis
904 2042 1024 2080 caput,
1047 2037 1146 2080 cujus
1167 2045 1201 2071 et
1222 2051 1330 2084 opum
1359 2044 1519 2078 omnium

843 2100 927 2133 quas
960 2088 1147 2123 immensas
1184 2092 1387 2136 possederat
1417 2094 1430 2136 (
1446 2097 1519 2131 vid.

841 2141 965 2174 Horat.
987 2140 1139 2186 passim)
1153 2156 1214 2176 rex
1227 2145 1363 2180 Attalus
1379 2149 1433 2182 III
1451 2151 1519 2183 Ro-

842 2206 964 2228 manos
987 2194 1144 2229 haeredes
1163 2196 1325 2233 instituit.
1348 2201 1389 2233 In
1411 2215 1450 2236 ea
1470 2204 1519 2236 fa-

840 2247 1067 2281 bricabantur
1086 2249 1519 2299 strigiles.—Destringcm

841 2300 1074 2346 Imperativus
1088 2302 1148 2335 hic
1168 2312 1217 2337 est
1232 2306 1327 2339 vocis
1346 2309 1499 2351 passivae.

898 2366 931 2387 2.
946 2354 1021 2387 Non
1041 2363 1115 2387 tam.
1138 2356 1212 2390 Hoc
1232 2367 1282 2391 est
1303 2373 1309 2390 ε
1333 2359 1369 2392 Si
1393 2373 1520 2406 corpus

841 2406 1032 2452 strigilibus
1042 2409 1131 2442 bone
1144 2408 1372 2445 desn-inxeris
1382 2440 1390 2453 ‚
1402 2414 1437 2446 in
1452 2415 1524 2447 bal-

842 2472 910 2493 neo
921 2460 1246 2507 minusinquinabis
1264 2464 1382 2506 lintea,
1394 2466 1520 2511 quibus

845 2522 878 2546 te
913 2514 1102 2559 absterges3
1136 2524 1238 2561 atque
1274 2517 1320 2550 ita
1352 2531 1423 2555 non
1451 2528 1519 2554 tam

846 2579 935 2612 saepe
953 2567 1095 2600 fullonis
1114 2581 1218 2613 opera
1240 2569 1435 2615 indigebis,
1460 2574 1519 2619 qui

846 2629 974 2665 purget
993 2630 1101 2654 vestes
1120 2623 1379 2657 contaminatas.

1266 2733 1317 2779 13
