2044 3292
504 275 569 321 66

882 273 942 316 Μ.
971 272 1106 314 VAL.
1145 254 1536 314 MARTIALI‘S

644 360 896 415 Clamabat,
921 358 1089 403 biberet
1113 360 1186 420 qui
1211 357 1343 402 modo
1369 357 1482 402 lotus
1509 373 1654 418 eques.

575 436 609 476 A
640 448 740 476 sene
766 430 841 475 sed
869 439 1101 492 postquam
1129 439 1288 490 patruo
1313 445 1472 472 venere
1500 437 1716 480 trecenta,

643 502 823 546 Sobrius
849 517 873 544 a
897 501 1078 544 thermis
1103 501 1239 544 nescit
1269 499 1388 543 abire
1413 498 1605 542 domum.

576 575 616 617 O
645 582 857 634 quantum
884 572 1070 615 diatreta
1094 570 1261 625 valent,
1283 580 1326 613 et
1351 571 1543 630 quinque
1575 566 1757 613 comati!

642 646 790 698 Tunc,
816 658 952 703 quum
983 657 1151 702 pauper
1178 650 1293 695 erat,
1322 656 1412 683 non
1443 639 1612 683 sitiebat
1638 642 1766 700 Aper.

506 764 676 800 tollendas
698 764 916 809 potationes,
939 760 1071 795 idcirco
1093 761 1186 794 fran-

507 818 638 865 gendos
657 817 778 850 calices
798 824 833 848 et
852 815 953 848 humi
975 813 1188 848 mittendum

507 884 641 905 merum
661 870 754 903 illius
770 868 916 914 equitis,
932 868 991 913 qui
1012 866 1117 900 modo
1134 867 1188 900 lo-

508 935 562 959 tus
582 925 729 957 biberet.

563 982 597 1012 5.
616 976 745 1010 Biberes
765 974 905 1008 exhibet
925 972 1033 1008 codex
1053 973 1129 1006 MS.
1154 973 1190 1006 in

511 1043 617 1076 marg.
641 1029 696 1063 ed.
720 1029 796 1062 Par.
815 1030 910 1072 1617.
930 1026 1109 1060 Lectionis
1130 1038 1191 1059 au-

511 1095 580 1117 tem
600 1084 704 1128 hujus
721 1094 841 1115 sensus
859 1089 928 1121 est,
949 1080 984 1113 Si
1005 1088 1042 1113 tu
1061 1091 1169 1125 eques
1182 1105 1191 1119 ‚

511 1139 571 1183 qui
589 1140 694 1170 modo
712 1135 829 1169 exibas
843 1146 861 1167 6
873 1133 1027 1174 balneis,
1043 1132 1192 1165 biberes.

518 1191 633 1237 Isi-heri
646 1189 731 1235 quod
741 1187 818 1220 MS.
834 1187 989 1220 Florent.
1008 1184 1105 1231 quod
1118 1185 1195 1218 nul—

510 1245 583 1277 lum
610 1254 748 1275 sensum
774 1240 893 1274 efficit.
914 1240 1007 1273 Tum
1030 1237 1115 1284 quid
1144 1246 1195 1272 est

518 1298 635 1344 Tiberi
652 1307 717 1341 per
731 1309 756 1341 y
767 1299 785 1327 :³

568 1363 600 1395 7.
626 1349 660 1382 A
672 1361 751 1382 sene.
767 1347 889 1389 Quum
902 1353 1078 1380 trecentos
1090 1357 1196 1378 num-

513 1416 588 1437 mos
618 1402 686 1436 sibi
718 1400 861 1434 relictos
890 1397 1074 1444 cujusdam
1106 1397 1197 1431 senis

514 1463 722 1491 testamento
735 1453 935 1499 accepisset.
945 1452 1130 1486 -Nummi
1142 1464 1198 1483 ve-

516 1523 586 1542 nere
619 1511 747 1541 trecenti
776 1506 813 1539 in
833 1505 912 1540 edd.
942 1513 1026 1538 vett.
1046 1504 1199 1538 melioris

517 1570 610 1595 notae
622 1575 629 1594 ;
641 1569 729 1606 patr.
750 1572 823 1592 ven.
843 1567 918 1593 trec.
935 1558 971 1591 in
984 1558 1060 1591 aliis
1072 1571 1081 1599 ;
1095 1569 1199 1603 quam

518 1614 721 1649 admisimus
744 1612 968 1657 scripturam.
990 1609 1096 1653 Quod
1118 1623 1200 1655 pro·

519 1670 579 1702 bat
592 1668 639 1702 sic
656 1679 747 1700 unus
758 1665 949 1699 Variorum
966 1676 974 1698 ε
991 1664 1129 1709 Legunt
1143 1663 1201 1697 alii

521 1721 648 1755 melius
666 1747 676 1762 ‚
696 1728 735 1753 ut
760 1718 908 1764 opinor:
942 1735 954 1747 κ
980 1719 1009 1750 Α
1032 1729 1113 1750 sene
1143 1715 1202 1750 sed

521 1783 708 1821 postquam
719 1780 846 1818 patruo
864 1783 989 1804 venere
1000 1778 1168 1804 trecenta.
1185 1786 1197 1797 n

521 1827 634 1862 Millia
645 1838 772 1871 nempe
783 1824 979 1858 sestertium
991 1849 999 1863 ,
1019 1836 1097 1868 quae
1111 1835 1204 1856 sum-

524 1894 579 1915 ma
595 1880 700 1925 longe
713 1879 836 1923 major.
853 1897 905 1904 —-
917 1878 990 1922 Ego
1005 1883 1119 1912 tamen
1131 1887 1203 1908 non

525 1934 606 1968 satis
624 1934 696 1966 scio
716 1944 759 1965 an
775 1943 850 1964 eam
867 1930 914 1964 ob
928 1941 1084 1964 caussam
1098 1928 1206 1974 magis

526 1987 714 2021 arrisuram
747 1996 822 2017 rear
847 1983 1036 2016 lectionem
1067 1993 1205 2015 novam.

529 2041 656 2074 Nonne
685 2037 783 2071 enim
814 2036 946 2070 acutius
974 2034 1144 2081 quiddam
1174 2043 1208 2067 et

528 2092 712 2138 malignius
728 2097 830 2136 poeta
847 2088 953 2130 dicit,
970 2087 1056 2121 dum
1072 2095 1206 2120 trecen-

530 2156 583 2179 tos
603 2152 742 2179 tantum
767 2154 930 2176 nummos
963 2148 1044 2174 satis
1068 2152 1140 2174 esse
1163 2148 1209 2172 ait

529 2207 569 2234 ut
596 2206 630 2232 et
658 2196 865 2243 sapientiam
892 2203 926 2228 et
956 2192 1208 2239 sesquipedalia

534 2252 636 2286 verba
654 2252 788 2285 Censor
803 2249 862 2281 ilie
878 2246 1208 2280 obliviscatur?En.

587 2306 621 2338 S.
646 2303 776 2338 Sobrius
803 2316 822 2334 α
847 2302 988 2341 thermis,
1024 2309 1088 2333 etc.
1117 2301 1211 2345 Aper

534 2356 686 2391 modoin
702 2368 740 2389 re
755 2355 853 2388 tenui
867 2363 937 2388 tam
956 2353 1069 2399 gravis
1087 2365 1212 2387 censor

533 2411 788 2454 damnatorque
816 2406 1041 2454 potationum
1076 2405 1112 2438 in
1138 2405 1211 2438 ba]-

533 2464 626 2505 neis,
643 2464 714 2509 jam
735 2463 771 2494 in
799 2473 836 2494 re
867 2460 1044 2505 aliquanto
1071 2458 1211 2492 lautiori

533 2516 684 2550 mutavit
717 2514 891 2555 animum,
920 2512 1032 2545 factus
1060 2512 1145 2545 bibo
1170 2510 1213 2544 ad

533 2570 749 2604 ebrietatem.
761 2567 868 2600 Multi
881 2578 962 2600 sane
976 2577 1014 2599 ea
1024 2565 1214 2610 reprehen-

534 2622 623 2657 dunt
638 2630 671 2655 et
691 2620 886 2655 tristissime
900 2618 1068 2652 damnant
1080 2644 1088 2659 ,
1111 2630 1188 2663 quae
1202 2642 1210 2656 ,

1247 761 1274 793 51
1296 767 1455 805 possent,
1476 760 1634 792 iubentes
1651 759 1814 793 facerent.
1830 759 1928 793 Invi·

1249 813 1335 847 dent
1350 814 1509 859 plerique
1528 813 1659 846 beatis:
1679 821 1713 847 et
1730 812 1814 846 vitia
1829 812 1866 845 in
1885 812 1926 844 iis

1250 867 1470 912 improbant,
1488 878 1567 912 quae
1589 866 1677 912 ipsi,
1700 866 1726 899 si
1748 865 1791 899 ad
1812 865 1930 900 beato-

1250 933 1326 954 rum
1343 932 1483 965 gregem
1499 919 1816 952 transcriberentur
1827 945 1837 960 ,
1857 931 1928 952 am-

1252 973 1474 1007 bitiosissime
1495 973 1664 1006 colerent.

1306 1041 1339 1069 9.
1359 1026 1392 1059 O
1411 1034 1561 1072 quantum
1578 1026 1717 1058 diatreta
1732 1030 1743 1057 .'
1760 1024 1816 1058 Sic
1839 1024 1931 1058 exbi-

1252 1080 1310 1113 bet
1338 1079 1410 1112 MS.
1432 1077 1660 1119 Beverlandi3
1684 1091 1792 1124 quum
1815 1086 1930 1110 tamen

1254 1145 1439 1178 possumus
1462 1144 1601 1171 errare,
1626 1130 1710 1165 dum
1733 1131 1931 1165 Manuscri-

1254 1194 1316 1231 pto
1359 1184 1565 1219 Beverlandi
1595 1185 1779 1219 varietates
1808 1185 1933 1218 tribui-

1255 1251 1355 1272 mus:
1377 1251 1458 1272 nam
1497 1256 1509 1267 κ
1528 1251 1646 1283 neque
1685 1237 1772 1272 adeo
1800 1246 1933 1271 certum

1255 1292 1367 1324 habeo
1387 1308 1421 1331 ι,
1443 1292 1489 1324 ait
1500 1290 1791 1333 VVernsdorfius,
1809 1308 1822 1320 «
1841 1303 1935 1324 eaene

1258 1344 1463 1383 varietates,
1489 1344 1617 1389 quihus
1646 1344 1777 1378 nullam
1805 1343 1936 1377 codicis

1258 1406 1377 1431 notam
1412 1396 1550 1431 addidit
1582 1397 1846 1439 Beverlandus,
1873 1398 1936 1430 soli

1258 1451 1369 1497 ipsius
1389 1451 1530 1497 ingenio
1543 1476 1551 1492 ‚
1569 1464 1612 1485 an
1634 1449 1772 1485 cuidam
1787 1450 1862 1484 MS.
1877 1449 1938 1483 de-

1260 1505 1410 1538 beantur
1427 1522 1455 1537 ».
1475 1504 1520 1537 Et
1539 1505 1587 1538 sic
1602 1504 1714 1546 habe,
1734 1504 1874 1545 Lector,
1894 1502 1939 1536 dt·

1260 1557 1404 1603 reliquis
1428 1557 1535 1598 locis,
1557 1557 1618 1590 ubi
1638 1570 1720 1591 eum
1742 1556 1816 1591 MS.
1839 1564 1938 1590 nota-

1262 1611 1387 1644 vimus.
1407 1610 1463 1643 Sic
1479 1610 1608 1657 legitet
1618 1610 1694 1644 MS.
1707 1611 1744 1643 in
1758 1622 1866 1656 marg.
1883 1609 1938 1643 ed.

1263 1664 1339 1697 Par.
1369 1666 1483 1708 1617,
1514 1676 1619 1710 quam
1645 1662 1699 1696 ed.
1730 1664 1855 1709 Langii
1877 1663 1939 1696 ali-

1263 1715 1404 1762 quando
1424 1729 1599 1750 vocamus.
1618 1717 1771 1749 Diatlieta
1786 1716 1840 1750 ed.
1855 1717 1943 1750 Bar-

1268 1770 1349 1809 bou;
1375 1770 1532 1802 Diatlzeca
1553 1770 1729 1803 habebant
1753 1768 1831 1802 edd.
1856 1778 1939 1803 vett.

1265 1821 1373 1864 Quod
1405 1823 1432 1856 si
1467 1821 1646 1863 admittas,
1673 1835 1780 1868 quum
1803 1819 1940 1858 διαθήκη

1265 1884 1516 1908 testamentum
1532 1876 1594 1916 sit,
1607 1876 1761 1921 intellige
1781 1877 1874 1909 bona
1893 1888 1944 1909 re-

1265 1929 1347 1961 licta
1363 1937 1579 1963 testamento.
1601 1929 1790 1962 Turnebus
1806 1928 1867 1974 qui
1882 1928 1943 1962 lib.

1267 1982 1518 2026 XXXILcap.
1539 1981 1580 2014 31
1595 2007 1603 2021 ,
1624 1994 1702 2014 cum
1723 1981 1807 2015 edit.
1827 1990 1943 2016 nostra

1269 2044 1302 2067 et
1322 2033 1399 2067 cod.
1423 2034 1499 2067 MS.
1523 2035 1657 2067 Beverl.
1678 2034 1762 2080 legit
1784 2035 1921 2068 diatreta
1935 2061 1942 2073 ,

1267 2085 1434 2120 diatretos
1452 2087 1573 2121 calices
1601 2087 1852 2133 interpretatur
1876 2088 1943 2122 cla-

1268 2148 1364 2173 vatos
1376 2165 1386 2179 ,
1405 2140 1532 2186 quihus
1543 2140 1711 2173 nimirum
1728 2140 1865 2174 insertae
1877 2140 1947 2174 sint

1269 2205 1412 2239 gemmae
1431 2205 1439 2226 ε
1458 2193 1516 2226 alii
1533 2193 1734 2240 intelligunt
1750 2193 1872 2228 calices
1887 2206 1947 2227 cae-

1268 2247 1355 2279 latos
1387 2255 1422 2280 et
1450 2246 1641 2280 tornatiles.
1667 2245 1795 2281 Videat
1824 2247 1945 2281 lector.

1269 2314 1319 2320 —
1334 2298 1557 2333 Comati.Vid.
1572 2299 1633 2333 lib.
1651 2301 1684 2340 1,
1702 2301 1809 2346 epigr.
1829 2312 1943 2338 mum,

1269 2352 1329 2385 lib.
1345 2353 1417 2394 ΙΙΙ,
1432 2352 1540 2398 epig-r.
1558 2364 1663 2386 Lvnl.

1330 2418 1387 2439 10.
1410 2407 1517 2446 Tunc,
1536 2419 1628 2451 quum
1646 2419 1777 2451 pauper.
1808 2405 1946 2440 Scilicet

1274 2458 1339 2491 sibi
1353 2471 1441 2504 opus
1457 2470 1529 2491 esse
1548 2458 1630 2491 vino
1643 2484 1653 2498 ‚
1668 2471 1756 2505 opus
1773 2459 1948 2492 continuis

1273 2511 1516 2556 potationibus
1545 2510 1697 2545 credidit
1720 2511 1816 2546 dives
1841 2510 1949 2546 modo

1274 2564 1383 2598 factus
1396 2591 1404 2605 ‚
1433 2562 1530 2610 quod
1550 2563 1642 2598 idem
1672 2577 1744 2598 non
1765 2564 1947 2601 credebat.

1273 2630 1382 2662 quum
1402 2629 1529 2662 egenus
1552 2626 1585 2651 et
1604 2630 1749 2664 pauper.
