1901 3259
303 209 885 252 EPIGRAMMATUM
924 209 1048 251 LIB.
1090 207 1224 250 XIV.

1376 221 1457 266 171

695 360 840 414 )§IL

525 515 724 544 Locum
765 494 1006 544 EBOREL*

134 641 230 683 Hos
260 640 339 683 nisi
369 638 421 682 de
453 639 563 682 flava
589 638 755 683 loculos
782 638 962 700 implere
989 649 1161 683 moneta

200 710 302 753 Non
335 708 481 764 decet3
507 719 736 770 argentum
766 709 866 753 vilia
892 709 1007 770 ligna
1036 709 1188 754 ferant.

133 816 314 875 Χρυσέου
340 815 557 863 πεπλῆσθαι
585 817 730 873 μούνου
757 809 854 858 τάδε
877 819 1195 876 γλωσσοκομεῒον

204 886 442 944 Κόμματος·
473 886 660 945 ἀργύρεον
687 884 740 927 τὰ
766 878 866 935 ξύλα
889 887 1017 946 κέρμα
1042 887 1163 945 φέροι.

120 1001 133 1012 “
166 1000 278 1033 Loculi
307 1000 432 1033 eburnei
468 998 548 1033 edd.
585 1007 669 1034 vett.
707 1008 741 1034 et

65 1053 178 1087 Maitt.

123 1118 152 1139 1.
170 1106 245 1141 Non
265 1119 330 1152 pro
350 1107 420 1139 Hos
436 1105 509 1139 MS.
532 1106 614 1140 Bev.
636 1106 740 1140 Flava

66 1160 203 1192 Thuan.
231 1167 264 1192 et
286 1157 363 1192 cod.
391 1159 427 1192 in
452 1171 559 1204 marg.
581 1158 636 1192 ed.
660 1159 738 1192 Par.

71 1215 174 1257 1617.
202 1212 307 1245 Fulva
330 1211 409 1245 edd.
441 1219 526 1245 vett.
558 1213 659 1245 Fatua
683 1211 736 1245 ed.

69 1265 194 1310 Delph.
218 1265 255 1298 in
285 1273 407 1306 textu,
426 1264 486 1298 sed
503 1265 595 1310 flava
618 1265 652 1298 iu
683 1266 740 1298 In-

67 1327 174 1363 terpr.
185 1318 314 1352 -Ηοο
331 1318 433 1363 longe
451 1316 740 1364 anteponendum

66 1370 218 1413 videtur,
231 1383 443 1417 quamquam
461 1372 558 1405 nulla
571 1371 610 1404 fit
623 1384 741 1405 sensus

68 1424 217 1457 inversio
232 1432 292 1457 aut
308 1425 473 1465 mutatio,
490 1423 666 1470 quidquid
686 1423 743 1458 ad-

70 1477 211 1510 miseris.
229 1477 389 1523 Namque
409 1490 449 1510 ex
469 1477 565 1510 omni
583 1478 740 1511 colorum

68 1528 314 1567 lnthitudine,
335 1531 484 1564 maxime
499 1539 532 1564 et
553 1543 741 1576 propemo-

70 1582 154 1616 dum
178 1583 280 1616 unice
303 1584 406 1630 hujus
435 1584 550 1618 saeculi
576 1585 740 1617 Romanis

71 1637 366 1682 placebatflavw;
381 1637 425 1670 ita
444 1645 483 1670 ut
500 1650 608 1682 quum
626 1638 740 1682 splen-

69 1688 143 1723 didi
167 1697 201 1722 et
227 1690 366 1734 pulchri
393 1690 520 1723 coloris
542 1702 665 1723 aurum
692 1689 742 1723 di-

69 1752 203 1783 cerem,
224 1742 352 1776 flavum
368 1755 448 1776 eum
465 1752 664 1776 assererent.
685 1743 742 1775 Sic

71 1795 128 1829 lib.
155 1796 206 1835 II,
234 1796 343 1841 epigr.
367 1808 475 1831 xL111‚
495 1809 545 1829 vs.
566 1808 617 1829 11:
638 1813 650 1825 α
672 1797 740 1829 Im-

71 1847 199 1882 modici
225 1849 288 1882 tibi
311 1848 399 1882 flava
424 1857 548 1894 regunt
572 1849 741 1894 chrysen-

71 1900 150 1934 deta
169 1902 302 1935 mulli.»
319 1903 424 1943 Item,
445 1902 616 1943 lib.VIII‚
633 1903 741 1948 epigr,

72 1967 126 1997 u,
147 1967 195 1988 vs.
218 1954 259 1988 5:
279 1971 292 1984 «ι
312 1955 404 1989 Vera
430 1955 545 1988 minus
571 1954 661 1989 flavo
692 1967 743 1988 ra-

799 998 899 1034 diant
918 999 1043 1033 electra
1065 999 1218 1033 metallo.
1243 1017 1255 1029 u
1293 1000 1371 1032 Lib.
1400 1001 1451 1033 IX
1467 1027 1475 1041 ‚

799 1053 907 1098 epigr.
929 1065 1025 1093 xx1v‚
1040 1065 1090 1086 vs.
1113 1053 1222 1086 1:«O
1242 1052 1298 1085 cui
1317 1052 1474 1098 virgineo

799 1105 983 1139 flavescere
1008 1105 1155 1150 contigit
1180 1117 1278 1138 auro.
1303 1122 1315 1134 »
1339 1104 1473 1138 Eodem

800 1158 862 1192 lib.
875 1171 928 1204 ep.
938 1171 1029 1200 an,
1042 1159 1077 1200 3,
1086 1158 1239 1192 deluteis
1251 1158 1476 1203 hispanarum

799 1212 918 1245 ovium
933 1211 1121 1245 velleribus
1145 1223 1152 1244 :
1179 1212 1339 1244 «Vellera
1357 1211 1475 1244 nativo

798 1264 929 1310 pallent
945 1265 1006 1297 ubi
1021 1264 1109 1297 flava
1127 1265 1277 1298 metallo.
1288 1265 1401 1298 »Tum
1416 1265 1478 1297 im-

799 1325 943 1363 perante
951 1318 1153 1351 Domitiano
1166 1330 1249 1351 vero
1261 1318 1477 1351 simillimum

800 1371 874 1405 haec
896 1371 1023 1416 scripta
1049 1371 1175 1413 fuisse3
1197 1371 1389 1404 Domitiani
1417 1384 1478 1404 au-

802 1433 883 1466 tem,
899 1433 939 1458 ut
952 1432 985 1457 et
1001 1424 1073 1457 Titi
1091 1432 1125 1457 et
1136 1424 1477 1469 Vespasiani‚ge11ti-

800 1477 916 1511 litium
941 1490 1071 1511 nomen
1097 1487 1170 1511 erat
1198 1477 1357 1518 Flavius3
1384 1476 1477 1510 unde

801 1544 844 1564 ne
864 1530 1005 1564 dubites
1025 1530 1194 1576 placuisse
1215 1530 1368 1564 Martiali
1390 1530 1478 1564 circa

802 1583 950 1617 duarum
986 1596 1112 1617 vocum
1144 1582 1410 1617 similitudinem
1445 1591 1478 1616 et

801 1649 905 1682 quam
947 1638 1046 1670 aiunt
1080 1637 1321 1681 παρονομασίοιν
1357 1637 1479 1681 jocari.

801 1689 905 1731 Quod
927 1689 1070 1735 quidem
1090 1691 1159 1735 jam
1180 1690 1260 1723 fecit
1280 1689 1369 1722 libro
1390 1690 1475 1729 XII,

801 1742 910 1788 epigr.
924 1756 1003 1784 mxv,
1017 1745 1051 1785 6,
1053 1743 1160 1787 flavos
1174 1743 1330 1776 absolute
1340 1741 1457 1776 dicens
1470 1768 1480 1783 ‚

803 1808 966 1829 nummos
988 1808 1109 1829 aureos
1130 1809 1138 1829 z
1164 1813 1176 1825 «
1196 1796 1249 1828 Au
1277 1794 1322 1828 de
1341 1804 1480 1829 moneta

802 1848 947 1882 Caesaris
963 1848 1082 1882 decem
1103 1848 1220 1882 flavos.
1240 1866 1252 1878 »
1269 1849 1335 1882 En.

858 1914 888 1934 2.
911 1902 987 1935 Non
1005 1902 1076 1934 licet
1089 1901 1164 1934 MS.
1182 1902 1316 1935 Beverl.
1328 1902 1479 1934 -Vilza

803 1955 902 1999 ligna.
927 1955 1004 1988 Hoc
1025 1963 1095 1994 est,
1119 1955 1223 1987 loculi
1249 1954 1354 2000 lignei
1381 1955 1477 1988 viles.

675 2066 867 2122 )§III.

563 2200 760 2229 LOCULI
798 2201 1002 2229 LIGNEI.

145 2293 190 2335 S1
217 2289 320 2350 quid
345 2290 489 2334 adhuc
514 2300 712 2352 superest
740 2291 785 2334 in
816 2291 953 2335 nostri
984 2290 1088 2335 faece
1120 2290 1286 2345 locelli⁷

214 2362 375 2404 Munus
405 2362 486 2404 erit
512 2379 521 2404 :
547 2360 653 2404 nihil
684 2371 772 2416 est,
801 2362 892 2422 ipse
924 2360 1103 2406 locellus
1134 2362 1227 2405 erit.

136 2463 186 2506 Εἴ
212 2482 253 2506 τι
278 2467 373 2525 ἐμοῦ
398 2467 547 2526 περίες’
573 2464 628 2509 ἐνὶ
652 2467 820 2525 πυθμένι
845 2466 1168 2527 γλωσσοκομείου
1184 2500 1195 2519 ‚

219 2539 353 2595 Δῶρον
381 2536 452 2594 ἔχ’·
485 2539 556 2580 οὐκ
581 2539 664 2591 {¹523
692 2542 1009 2598 γλωσσοκομεῐον
1038 2538 1116 2595 ἔχε.

137 2661 163 2681 ι.
178 2649 214 2682 Si
229 2649 312 2695 quid.
328 2649 404 2683 Hoc
424 2658 473 2683 est
491 2662 498 2683 :
518 2650 554 2683 Si
570 2650 654 2696 quid
673 2651 748 2684 aeris

79 2702 249 2748 ,supererit
274 2702 311 2735 in
337 2701 448 2736 fundo
475 2715 557 2737 meae
582 2704 748 2748 cnpsulae,

809 2650 946 2684 donabo
975 2664 980 2683 ;
1009 2652 1060 2683 sin
1089 2650 1224 2693 minus,
1254 2649 1343 2684 (labo
1377 2662 1485 2693 qnam

809 2716 1021 2737 crumenam.
