2044 3292
917 231 979 273 M.
1008 232 1151 274 VAL.
1191 232 1585 293 MARTVIALIS

1206 384 1283 438 X.

960 539 1154 567 SIMILA
1197 541 1262 567 EX
1302 540 1540 569 TRITICO.

611 666 711 709 NEC
742 663 904 724 poteris
927 661 1077 706 similae
1099 662 1223 706 dotes
1252 679 1485 707 numerare
1508 680 1588 708 nec
1614 680 1741 719 usus,

683 735 838 778 Pistori
871 734 998 777 toties
1030 749 1165 794 quum
1194 733 1248 776 sit
1274 743 1317 777 et
1343 743 1444 794 apta
1476 750 1631 794 coquo.

613 876 702 916 Οὐκ
728 869 846 923 ἀξίως
876 870 921 916 ἃν
951 867 1198 933 σεμιδάλεως
1224 873 1356 933 χρείας
1383 875 1513 935 λέγοις
1535 909 1545 928 ,

613 946 737 986 Οὕτω
764 943 986 1006 μαγείροις,
1013 944 1242 1004 ἀρτοποιοῖς
1263 946 1302 986 τ’
1328 944 1500 988 εὐθέτου.

600 1097 630 1117 1.
647 1083 779 1117 Similae.
799 1083 888 1125 Quae
919 1091 970 1117 est
998 1083 1062 1116 flos
1088 1083 1220 1117 farinae.

542 1138 661 1170 Exstat
675 1135 791 1170 adhuc
801 1135 896 1182 apud
908 1149 973 1170 nos
985 1135 1082 1169 haud
1093 1136 1222 1170 absona

544 1203 611 1224 vox
623 1212 632 1227 ‚
661 1191 805 1223 semoule.
835 1211 888 1217 -—
911 1190 1012 1222 Dotes
1049 1202 1104 1222 nec
1137 1202 1220 1222 usus.

546 1243 694 1277 Munera
706 1252 740 1277 et
751 1255 834 1277 usus
844 1269 853 1284 ‚
865 1243 977 1277 farina
989 1241 1082 1276 enim
1096 1242 1223 1276 simila-

1282 1083 1383 1129 ginea
1397 1083 1500 1117 variis
1518 1083 1691 1129 pistorum
1705 1083 1824 1117 usibus
1838 1084 1959 1118 servit.

1339 1149 1371 1170 2.
1386 1137 1509 1169 Pistori
1532 1139 1633 1170 toties.
1659 1137 1780 1178 Quum
1798 1137 1903 1170 variis
1924 1145 1959 1170 et

1281 1189 1522 1235 placentarum
1548 1198 1582 1223 et
1614 1190 1828 1223 cibariorum
1855 1201 1958 1235 gene-

1282 1242 1378 1276 ribus
1399 1241 1603 1276 condiendis
1617 1242 1791 1276 inserviat.

1190 1379 1301 1436 XI.

1103 1539 1384 1568 HORDEUM.

614 1671 802 1723 Mumo,
826 1666 943 1728 quod
969 1683 1058 1710 non
1087 1665 1162 1709 des
1192 1666 1412 1720 tacituris,
1443 1665 1617 1725 accipe,
1642 1665 1782 1710 mulis.

684 1742 790 1784 Haec
822 1755 904 1799 ego
935 1737 1146 1798 cauponi,
1178 1753 1266 1780 non
1296 1735 1395 1790 tibi,
1420 1735 1535 1779 dona
1564 1735 1675 1779 dedi.

600 1893 630 1913 ῐ.
655 1881 718 1912 Det
735 1878 814 1912 edd.
834 1885 916 1910 vett.
936 1884 970 1910 et
986 1876 1134 1909 Farnab.
1158 1876 1220 1908 Ta-

544 1937 683 1966 vitm-nus
708 1931 788 1966 cod.
815 1931 951 1964 Beverl.
972 1950 1025 1955 —-
1043 1929 1141 1972 Quod
1159 1941 1221 1961 non

544 1988 610 2020 des.
641 1987 693 2019 De
726 1983 861 2018 hordeo
890 1984 965 2016 fuse
996 1982 1130 2015 Plinius
1158 1981 1218 2014 lib.

550 2040 692 2080 XVIII,
711 2051 788 2084 cap.
814 2050 832 2082 7
856 2045 891 2070 et
908 2036 991 2070 alibi
1010 2035 1149 2081 passim.
1169 2056 1222 2061 —

553 2095 719 2126 Tacina-is.
750 2092 826 2124 Hoc
860 2097 911 2123 est
924 2116 933 2130 ‚
967 2101 1039 2122 non
1075 2087 1223 2121 dicturis

545 2144 769 2179 defraudatos
789 2155 861 2177 esse
883 2156 918 2176 se
940 2141 1087 2175 hordeo.

602 2214 633 2232 2.
665 2199 788 2244 Coponi
810 2195 888 2229 Ald.
917 2197 1014 2228 Junt.
1044 2194 1158 2228 Colin.
1187 2202 1220 2227 et

546 2255 593 2288 sic
626 2252 709 2297 legit
737 2249 954 2284 Calderinus.
981 2270 1032 2275 —-
1053 2248 1136 2280 Hoec
1163 2259 1222 2292 ego

546 2308 700 2351 cauponi,
721 2313 787 2337 etc.
810 2301 916 2344 Quod
933 2310 972 2335 tu
992 2300 1122 2334 vendes
1141 2313 1222 2334 cau-

549 2360 652 2406 poni,
665 2357 832 2404 pabulum
849 2355 948 2400 equis
960 2355 1134 2395 futurum,
1149 2366 1220 2387 non

549 2424 672 2459 panem
700 2411 775 2444 tibi.
800 2408 894 2442 Vide
921 2408 1130 2441 Turnebum
1161 2407 1220 2440 lib.

549 2467 663 2505 XXV,
677 2477 751 2509 cap.
771 2465 829 2496 28.
843 2462 953 2495 Dabat
968 2461 1139 2494 Dominus
1152 2472 1224 2493 mu-

547 2520 635 2553 lioni
650 2516 823 2551 hordeum
834 2516 870 2548 in
884 2522 1023 2560 pastum
1035 2514 1220 2546 mularum.

1280 1875 1343 1908 lile
1370 1887 1426 1909 eas
1448 1876 1541 1908 foeno
1570 1884 1722 1910 saturare
1747 1884 1954 1913 contentus,

1279 1941 1480 1974 gnarusque
1506 1937 1617 1963 mutas
1644 1928 1795 1975 pecudes
1822 1930 1955 1963 furtum

1281 1994 1353 2014 uon
1366 1980 1570 2027 prodituras
1586 2008 1595 2023 ‚
1609 1983 1741 2016 mavult
1753 1982 1791 2016 id
1805 1982 1956 2016 vendere

1281 2035 1455 2080 cauponi,
1475 2042 1509 2068 et
1529 2036 1602 2081 ejus
1617 2036 1730 2080 pretio
1743 2044 1803 2069 aut
1822 2047 1956 2070 merce-

1281 2086 1402 2120 dulam
1425 2100 1568 2133 augere,
1594 2097 1652 2121 aut
1675 2101 1799 2122 curare
1824 2097 1954 2122 cutem.

1281 2141 1454 2186 Loquitur
1487 2153 1589 2186 ergo,
1618 2139 1783 2188 tanquam
1811 2142 1956 2175 minime

1281 2193 1445 2227 dubitans
1465 2193 1509 2227 de
1526 2193 1650 2228 fraude
1666 2195 1782 2228 servili
1799 2207 1807 2228 :
1826 2195 1956 2240 Accipe

1282 2246 1424 2293 quidem
1437 2246 1612 2281 hordeum
1624 2274 1633 2289 ,
1646 2248 1709 2281 eisi
1721 2247 1826 2281 nimis
1837 2260 1957 2282 verear

1283 2309 1322 2333 ut
1346 2299 1381 2333 id
1407 2300 1509 2334 mulis
1531 2313 1685 2346 apponas
1705 2313 1713 2333 :
1739 2301 1856 2347 itaque
1875 2301 1957 2346 quia

1284 2352 1465 2387 fraudator
1476 2366 1530 2395 es,
1545 2362 1578 2387 et
1596 2354 1689 2387 foeno
1706 2352 1815 2387 mulas
1833 2354 1957 2399 pascis,

1285 2405 1405 2440 videor
1417 2405 1590 2440 hordeum
1604 2407 1668 2440 tihi
1681 2420 1791 2452 quum
1807 2406 1956 2440 maxime

1284 2459 1391 2498 dans,
1414 2472 1484 2492 non
1506 2459 1567 2492 tibi
1581 2486 1590 2501 ‚
1612 2459 1771 2503 furcifer,
1791 2458 1852 2494 sed
1874 2472 1955 2493 cau-

1286 2514 1369 2558 poni
1387 2511 1478 2546 dare.
1503 2512 1690 2547 Gronovius.
