1901 3259
304 232 890 277 EPIGRAMMATUM
929 231 1055 274 LIB.
1095 230 1210 272 XII.

1396 243 1457 288 79

567 386 944 444 LXXXIX.

534 544 598 570 DE
637 541 994 571 TONGILIANO.

129 671 461 714 ToNciLiANUs
487 668 618 712 habet
643 684 819 723 nasum3
855 668 942 711 scio
959 702 969 721 ,
995 682 1083 709 non
1110 682 1221 727 nego
1244 682 1251 708 :
1280 665 1353 709 sed
1378 666 1463 725 jam

202 738 295 791 Nil,
326 748 482 799 praeter
514 754 664 782 nasum
683 774 692 791 ‚
718 737 1000 798 Tongilianus
1029 736 1173 780 habet.

122 890 150 909 1.
171 877 245 920 Ego
266 874 344 908 edd.
372 876 450 908 Par.
484 878 578 919 1617
602 883 634 907 et
657 874 736 908 Far-

64 930 143 963 nab.
164 949 212 955 —-
233 929 340 961 Habet
369 941 487 960 nasum.
518 928 598 960 Hoc
622 928 738 973 primo

64 995 164 1015 versu
188 994 289 1015 nasus
311 981 464 1017 sumitur
484 993 550 1026 pro
578 980 739 1013 acumine

65 1034 185 1079 judicii
207 1046 215 1067 ε
235 1046 313 1067 nam
343 1032 531 1066 denotabat
559 1032 655 1079 apud
669 1034 738 1066 Ve-

65 1099 154 1121 teres
177 1100 271 1119 nasus
292 1099 437 1119 acumen
460 1099 549 1131 joel,
568 1099 740 1119 irrisionis

65 1148 99 1174 et
118 1139 319 1173 dicacitatis.
338 1139 417 1173 Lib.
438 1140 473 1177 I,
491 1139 599 1185 epigr.
622 1152 671 1179 lv,
690 1152 737 1171 vs.

69 1193 182 1235 (331ib.
201 1193 216 1224 I
227 1218 236 1234 ‚
253 1192 362 1238 epigr.
378 1204 466 1233 XLII,
480 1205 531 1225 vs.
551 1206 563 1226 1
574 1194 594 1225 8
605 1218 613 1233 ‚
631 1201 664 1226 et
678 1192 740 1225 lib.

71 1246 155 1279 XIII
168 1271 177 1287 ‚
193 1246 299 1291 epigr.
319 1257 362 1279 11.
379 1243 446 1278 Sed
463 1246 498 1278 in
515 1244 668 1278 secundo
687 1258 742 1278 su-

69 1298 176 1332 mitur
196 1299 349 1344 proprie.
373 1299 499 1332 Sensus
515 1311 597 1344 ergo
621 1299 648 1332 is
669 1306 719 1331 est
736 1311 743 1331 ε

68 1351 296 1397 Tongilianus
309 1359 360 1384 est
377 1360 445 1384 tam
464 1364 598 1397 pauper
614 1378 623 1395 ‚
640 1360 677 1384 ut
695 1351 746 1384 ni-

71 1404 119 1438 hil
136 1405 263 1438 habeat
280 1405 371 1438 ultra
387 1417 521 1438 nasum.

127 1471 157 1490 2.
188 1458 248 1491 Nil
266 1466 386 1502 proetet·
411 1471 529 1490 nasum.
557 1457 661 1499 Quod
689 1458 747 1491 hic

72 1511 170 1543 aiunt
185 1511 279 1544 hunc
302 1519 369 1544 tam
386 1523 577 1556 pauperem
596 1519 638 1544 ut
657 1511 746 1544 nihil

70 1564 138 1609 jam
167 1563 313 1604 habeat,
336 1564 423 1597 nihil
452 1563 628 1609 possideat
652 1561 745 1603 (vid.

798 882 915 908 notata
935 872 1172 919 praecedenter
1188 872 1230 906 ad
1248 886 1296 907 vs.
1318 871 1367 915 ι),
1386 887 1468 907 nuni

798 929 886 960 bene
902 926 1124 971 intelligunt?
1140 927 1213 971 Ego
1229 926 1389 972 equidem
1407 926 1471 959 du-

798 980 895 1021 bim,
915 989 950 1013 et
978 979 1145 1013 libentius
1171 988 1317 1012 statuam
1346 980 1470 1013 voluis-⁷

800 1046 834 1066 se
860 1033 1057 1066 Martialem
1090 1032 1296 1078 coenipetam
1322 1033 1473 1066 cavillari

799 1086 992 1131 gratiosum
1014 1084 1157 1131 quidem
1183 1086 1268 1118 olim
1288 1086 1471 1121 omnibus.

802 1139 908 1184 atqui
926 1151 1018 1172 nunc
1036 1139 1162 1171 frustra
1181 1137 1406 1183 trechedipna
1424 1139 1476 1171 in-

802 1191 912 1224 duens
926 1209 939 1221 «
955 1192 1079 1225 circuit
1099 1199 1133 1224 et
1154 1191 1267 1224 fatuos
1286 1204 1358 1224 non
1380 1191 1476 1224 inve-

803 1246 855 1278 nit
877 1245 1013 1289 ».Ergo
1040 1252 1186 1277 nasutus
1214 1245 1293 1285 ille,
1322 1245 1381 1289 qui
1417 1245 1476 1277 ubi

804 1299 905 1331 lautae
921 1310 1066 1337 mensae,
1085 1296 1259 1343 magnifici
1280 1306 1480 1342 apparatus,

807 1351 866 1384 ubi
890 1368 902 1379 «
920 1352 1011 1384 clara
1030 1351 1132 1396 epula
1153 1359 1232 1384 ante
1251 1351 1333 1384 alias
1353 1360 1387 1384 et
1406 1351 1479 1396 opi-

808 1417 885 1437 mus
907 1404 942 1436 in
966 1404 1094 1437 aethere
1112 1403 1216 1437 nidor
1233 1420 1244 1432 n
1261 1404 1393 1449 optime
1414 1405 1480 1437 cal-

810 1458 875 1499 let;
904 1456 963 1490 sed
992 1458 1118 1491 frustra
1149 1466 1314 1498 nasutas,
1336 1456 1394 1490 sed
1423 1470 1481 1490 na-

808 1523 884 1545 sum
914 1511 1048 1551 solum,
1072 1509 1165 1543 unde
1193 1509 1385 1551 odoretur,
1415 1523 1482 1542 non

808 1564 928 1609 epulas
948 1566 1017 1609 jam
1038 1564 1179 1596 habene.
1203 1564 1266 1596 En.

713 1700 851 1757 XC.

564 1858 629 1885 An
668 1836 1000 1885 mmmmm*

292 1982 434 2038 QUOD
462 1980 556 2023 lana
580 1988 711 2040 caput
737 1977 884 2039 alligas
901 2015 912 2032 ‚
935 1979 1150 2034 Charine,

294 2053 392 2094 Non
421 2067 546 2094 aures
576 2050 675 2099 tibi,
699 2049 772 2093 sed
795 2049 944 2094 dolent
965 2050 1124 2111 capilli.

135 2190 150 2204 *
164 2194 352 2228 HomInem
376 2194 525 2239 exagitat
546 2194 624 2239 qui,
646 2204 757 2238 quum

83 2248 198 2282 calvus
219 2248 327 2289 foret,
344 2260 416 2281 sese
435 2247 612 2280 infirmum
634 2247 699 2279 alia
717 2258 757 2278 ex

85 2310 182 2346 parte
198 2301 381 2334 simulabat
398 2308 432 2333 et
448 2300 496 2333 sic
510 2308 613 2346 caput
630 2300 696 2333 sibi
709 2300 760 2332 in-

85 2354 246 2387 volvebat
257 2362 294 2386 ut
307 2352 538 2387 credidissent
550 2353 647 2386 facile
657 2352 761 2385 multi

87 2407 228 2439 auribus
251 2418 330 2439 eum
354 2407 534 2447 laborare,
554 2418 626 2439 non
653 2405 760 2451 capil-

88 2459 206 2492 lorum
229 2458 432 2492 nudatione.

149 2525 179 2545 1.
202 2511 299 2555 Quod
316 2512 388 2543 lana
404 2539 411 2550 ,
436 2519 500 2544 etc.
522 2512 597 2544 Non
618 2524 738 2544 aures..
755 2540 761 2545 .

91 2565 197 2605 Quasi
217 2563 391 2597 diceretur
409 2577 446 2595 ea:
465 2577 500 2595 eo
520 2564 605 2609 quod
621 2565 695 2597 lana
712 2577 764 2597 ca-

93 2625 155 2662 put
175 2617 285 2649 soleas
302 2616 367 2649 tibi
381 2616 540 2661 alligare,
560 2629 630 2649 non
651 2618 764 2662 sequi·

94 2679 152 2702 tur
174 2677 276 2713 caput
301 2667 418 2701 dolere
444 2668 518 2700 tibi.
544 2668 636 2713 Ergo
666 2681 766 2702 voces

819 2193 886 2226 illae
904 2192 984 2227 duae
1001 2194 1198 2239 quod....non
1211 2194 1340 2230 eaedem
1360 2207 1440 2232 sunt
1457 2212 1493 2234 ac

820 2246 929 2280 soluta
944 2246 1102 2280 oratione
1113 2248 1300 2293 quodnam
1319 2250 1396 2288 ideo,
1414 2254 1498 2298 quod

820 2312 882 2332 non
903 2302 1050 2332 continuo
1061 2325 1070 2339 ‚
1089 2300 1156 2334 hoc
1168 2309 1239 2342 est,
1258 2315 1296 2334 ex·
1317 2315 1352 2334 eo
1371 2305 1492 2349 quod...

821 2366 882 2385 non
898 2355 1046 2398 sequitur.

880 2418 910 2438 2.
929 2405 1004 2438 Non
1023 2418 1113 2438 aures
1131 2406 1199 2446 tibi,
1221 2415 1284 2440 etc.
1304 2407 1382 2441 Non
1403 2408 1498 2443 adhi-

823 2458 882 2492 bes
896 2458 1007 2492 focale
1026 2458 1068 2491 ad
1085 2459 1294 2493 muniendas
1314 2473 1424 2502 aureS,
1439 2463 1497 2496 sed

822 2509 866 2544 ad
881 2510 1069 2556 tegendum
1079 2511 1364 2545 calvitium.Vide
1377 2522 1411 2547 et
1424 2528 1499 2560 quae

824 2576 926 2609 supra
944 2564 1142 2597 notavimus
1162 2563 1204 2596 ad
1227 2565 1365 2598 titulum
1386 2575 1418 2600 et
1436 2569 1495 2601 lib.

824 2616 889 2655 IV,
918 2616 1026 2661 epigr.
1054 2628 1126 2648 xm.
1152 2615 1234 2649 Vid.
1265 2629 1407 2662 quoque
1435 2621 1494 2653 lib.

831 2669 928 2709 XIV,
945 2668 1053 2713 epigr.
1077 2679 1184 2700 CXLII.
