2044 3292
512 232 604 259 120

882 213 942 255 M.
965 213 1104 255 VAL.
1145 208 1529 254 MARTIALIS

1156 321 1258 414 m.

908 514 1211 544 TURDORUM
1250 496 1518 542 CORONA.⁴

576 648 731 688 'l'ExTA
764 644 871 686 rosis
898 641 1079 685 fortasse
1110 640 1214 693 tibi,
1241 639 1308 683 vel
1339 639 1474 683 divite
1501 639 1638 683 nardo

648 717 703 757 At
724 714 829 756 mihi
853 712 906 756 de
931 711 1069 756 turdis
1092 711 1205 755 facta
1228 726 1392 754 corona
1413 709 1566 771 placet.

580 809 637 862 'Fla
662 838 705 880 γε
734 815 859 879 ῥόδων
884 820 996 878 τάχα
1023 819 1083 860 σοὶ
1108 820 1277 874 ςέφανος
1303 811 1451 878 νάρδου
1480 835 1523 859 τε
1551 820 1737 867 συνεςώς·

647 882 708 933 Er.
734 895 879 949 κιχλῶν
904 884 947 932 δὲ
970 891 1110 950 παγεὶς
1134 883 1251 931 εὔαδε
1279 891 1430 948 μᾶλλον
1461 885 1562 947 ἐμοί.

564 1006 577 1018 *
606 1007 780 1039 ἸἀνιΙυι-αηι
805 1018 931 1038 corona.
956 1005 1025 1037 Pro
1054 1005 1120 1037 hoe
1144 1004 1187 1037 ti-

512 1060 586 1094 tulo
599 1060 776 1092 Turdorum
791 1060 929 1091 Deam-ia
943 1058 1071 1103 legitur
1083 1058 1120 1090 in
1134 1070 1188 1090 ve·

514 1113 645 1147 teribus
664 1111 845 1146 codicibus
857 1136 866 1152 ‚
885 1119 924 1144 ut
939 1111 987 1145 ait
999 1111 1189 1144 Turnebus

513 1167 574 1200 lib.
592 1166 706 1207 XXV,
726 1178 800 1211 cap.
826 1167 883 1199 28.
906 1164 1066 1209 Intellige
1088 1176 1188 1197 coro-

514 1232 596 1253 nam
623 1227 750 1252 textam
779 1217 912 1257 turdis,
938 1230 1065 1263 nempe
1092 1230 1111 1250 e
1138 1217 1189 1249 vi-

514 1273 610 1306 mine
644 1271 804 1318 undique
837 1270 1087 1318 pendentibus.
1104 1269 1188 1303 Vid.

517 1326 579 1360 inf.
602 1334 677 1359 not.
701 1324 743 1358 ad
763 1338 814 1358 vs.
843 1338 876 1358 2.
899 1346 951 1351 -
971 1324 1111 1358 Corona.
1140 1324 1191 1356 De

517 1378 656 1412 coronis
673 1391 770 1413 more
783 1379 952 1411 Veterum
973 1379 1008 1410 in
1027 1377 1192 1410 convivio

518 1431 773 1478 usurpatisjam
787 1430 829 1465 ad
842 1430 904 1465 lib.
915 1431 981 1472 III,
991 1431 1194 1476 epigramm.

520 1497 632 1526 vau,
645 1498 657 1518 1
668 1497 704 1529 9,
717 1493 751 1518 et
764 1484 891 1531 passim
903 1484 1046 1529 egimus.
1058 1483 1196 1525 Quibus

521 1552 540 1572 e
549 1538 697 1572 floribus
712 1550 851 1572 coronae
861 1546 895 1571 et
906 1545 992 1583 quot
1008 1549 1127 1570 earum
1140 1547 1197 1581 ge-

521 1604 605 1626 nera
613 1591 744 1625 fuerint
754 1617 763 1633 ,
779 1591 968 1625 Athenaeus
977 1616 985 1632 ,
1002 1590 1198 1635 Deipnoso-

521 1645 719 1690 phistarum
746 1645 807 1678 lib.
832 1644 914 1686 XV,
938 1643 1122 1677 fusissime.
1144 1643 1199 1676 Cf.

522 1684 761 1732 Teriisslianus
774 1696 818 1731 de
831 1709 962 1731 corona
977 1696 1099 1730 militis
1109 1722 1118 1737 ,
1134 1694 1203 1728 Pli-

523 1751 605 1784 nius
617 1776 626 1793 ,
645 1751 736 1784 Hist.
752 1752 833 1785 Nat.
853 1750 914 1784 lib.
933 1750 1038 1790 XXI,
1056 1760 1158 1794 capp.
1180 1762 1196 1780 2

524 1812 559 1838 et
582 1805 601 1838 3
615 1829 624 1846 ‚
645 1804 807 1837 Clemens
825 1801 1104 1843 Alexandrinus,
1128 1801 1200 1834 Pae-

526 1857 650 1903 dagog.
675 1857 737 1891 lib.
759 1857 811 1896 11,
835 1868 912 1901 cap.
939 1858 973 1890 8.

584 1923 615 1944 1.
650 1911 682 1943 T
679 1918 754 1942 exta
781 1911 868 1943 rosis.
898 1908 1036 1951 Quibus
1058 1920 1203 1941 corona-

527 1965 653 1997 bantur
674 1964 819 1997 Veteres
844 1963 881 1995 in
902 1962 1005 1995 lautis
1023 1961 1202 1995 conviviis.

533 2016 614 2050 Vid.
636 2024 708 2050 not.
733 2014 882 2061 praeced.
896 2037 948 2041 —
962 2016 1070 2048 Divite
1091 2014 1204 2047 nardo.

529 2070 671 2115 Ubique
693 2083 752 2102 sua
771 2068 882 2102 nardo
910 2069 1004 2109 laus,
1032 2067 1095 2113 qui
1121 2065 1207 2099 deli-

529 2123 598 2156 cias
616 2122 774 2168 pariebat
793 2121 898 2155 simul
917 2130 951 2154 et
969 2120 1079 2154 oculis
1099 2128 1133 2153 et
1149 2132 1207 2152 na-

529 2176 642 2210 ribus:
661 2174 756 2221 apud
772 2174 955 2208 Horatium
967 2199 977 2216 ‚
990 2174 1054 2206 lib.
1068 2174 1134 2214 IV,
1146 2172 1205 2205 od.

531 2242 608 2269 κη,
631 2242 681 2263 vs.
708 2240 772 2274 173
795 2229 878 2262 item
898 2226 992 2273 apud
1017 2227 1204 2266 Nostrum,

529 2283 592 2316 lib.
613 2283 670 2324 II,
692 2282 800 2327 epigr.
824 2293 906 2323 1.1x;
924 2281 986 2313 lib.
1006 2280 1077 2321 III,
1097 2279 1205 2324 epigr.

534 2349 620 2377 va3
636 2336 696 2369 lib.
713 2336 780 2376 IV,
795 2335 904 2380 epigr.
918 2345 1012 2374 x111;
1027 2333 1089 2373 lib,
1106 2332 1204 2368 XIII,

532 2389 642 2434 epigr.
668 2401 715 2422 οι.
740 2389 847 2421 Divite
869 2395 986 2421 autem
1008 2385 1095 2419 dixit
1117 2385 1205 2418 Mai»

532 2443 634 2484 tialis,
648 2442 729 2488 quia
742 2440 836 2486 apud
847 2440 1016 2473 ditiorum
1030 2448 1063 2472 et
1076 2439 1210 2484 elegan-

534 2497 663 2529 tiorum
694 2507 828 2528 mensas
856 2494 945 2527 solas
977 2493 1013 2525 in
1046 2505 1110 2525 usu
1137 2500 1210 2524 erat

535 2550 580 2582 ob
608 2549 818 2581 immensum
848 2547 1001 2592 pretium
1027 2544 1116 2578 illud
1145 2557 1208 2577 un-

534 2602 656 2647 guenti
683 2614 813 2647 genus;
838 2609 872 2633 et
897 2618 911 2630 u
926 2599 963 2633 in
991 2598 1159 2632 conviviis
1180 2615 1210 2639 u,

535 2656 639 2688 refert
668 2655 816 2696 Plinius,
842 2654 903 2686 lib.
937 2653 1040 2692 XXI,
1071 2664 1145 2697 cap.
1171 2652 1211 2691 3,

1252 1022 1264 1033 υ
1282 1004 1509 1037 lautissimum
1519 1004 1667 1036 habetur
1686 1016 1704 1036 e
1720 1003 1822 1037 nardi
1839 1003 1924 1036 folio

1249 1068 1394 1090 coronas
1416 1055 1504 1090 dari.
1533 1073 1547 1086 ε.
1575 1057 1642 1089 Eu.

1304 1124 1336 1144 2.
1359 1111 1409 1142 De
1436 1109 1557 1149 turdis,
1584 1118 1649 1143 etc.
1677 1109 1774 1143 Serta
1801 1121 1927 1154 nempe

1248 1162 1460 1196 redimibant
1489 1175 1562 1196 eam
1585 1163 1720 1196 lancem
1741 1174 1810 1208 qua
1832 1161 1927 1195 turdi

1250 1215 1528 1262 apponebantur.
1551 1216 1637 1258 Quae
1657 1227 1735 1249 aves
1750 1213 1845 1261 apud
1860 1216 1929 1248 Ro-

1251 1282 1437 1302 manorum
1459 1267 1676 1303 delicatiores
1700 1277 1785 1302 tunc
1804 1268 1927 1314 exqui-

1250 1322 1419 1356 sitissimae
1440 1322 1668 1355 habebantur.
1686 1321 1856 1355 Martialis
1874 1322 1929 1354 in-

1254 1376 1322 1417 fra,
1343 1376 1450 1422 hujus
1477 1375 1559 1408 libri
1587 1375 1694 1420 epigr.
1718 1386 1818 1408 xcn:
1841 1391 1854 1404 α
1874 1375 1931 1407 Ιη-

1255 1438 1306 1462 ter
1327 1441 1404 1462 aves
1426 1427 1571 1469 turdus,
1591 1429 1619 1462 si
1642 1428 1720 1474 quis
1738 1440 1795 1462 me
1813 1426 1931 1473 judice

1256 1490 1385 1524 certet,
1413 1483 1511 1515 Inter
1540 1480 1787 1527 quadrupedes
1805 1488 1931 1514 mattea

1256 1535 1369 1580 prima
1388 1536 1499 1581 lepus.
1513 1535 1602 1567 »Vel
1620 1535 1736 1581 accipe
1754 1535 1872 1580 potius
1887 1533 1932 1567 de

1256 1588 1387 1622 vimine
1402 1589 1438 1621 in
1458 1589 1580 1621 orbem
1599 1587 1688 1621 flexo
1701 1612 1711 1628 ,
1729 1600 1748 1621 a
1765 1599 1835 1633 quo
1851 1599 1933 1633 pen-

1257 1640 1387 1674 debant
1400 1640 1495 1675 turdi
1511 1654 1518 1675 ι
1534 1641 1616 1674 hinc
1633 1640 1721 1674 mihi
1742 1641 1909 1674 corollam
1925 1667 1934 1680 ‚

1260 1694 1362 1735 dicit,
1394 1702 1470 1728 texe
1485 1708 1494 1736 ;
1521 1706 1625 1740 quam
1654 1702 1688 1726 et
1718 1694 1860 1740 gestabo
1892 1693 1934 1726 li-

1259 1748 1347 1781 bens
1359 1773 1370 1789 ,
1389 1756 1423 1780 et
1442 1756 1561 1793 postea
1583 1755 1717 1780 coctam
1744 1746 1934 1780 devorabo.

1260 1800 1317 1833 Sic
1335 1799 1443 1834 hodie
1462 1813 1603 1834 coronae
1626 1801 1788 1834 feruntur
1808 1812 1935 1833 venum

1262 1853 1298 1886 in
1318 1854 1452 1894 forum,
1466 1867 1485 1886 e
1500 1854 1638 1887 viminis
1657 1853 1790 1887 circulo
1805 1865 1865 1886 seu
1881 1865 1936 1886 ra-

1261 1919 1319 1939 mo
1348 1907 1384 1940 in
1406 1907 1527 1940 orbem
1553 1906 1668 1946 flexo,
1697 1907 1805 1940 factae.
1833 1905 1939 1939 Favet

1262 1960 1345 1993 huic
1379 1960 1662 2005 interpretationi
1692 1960 1841 2005 ipsemet
1869 1959 1939 1991 Au-

1263 2021 1338 2046 ctor
1351 2025 1457 2057 supra
1467 2013 1525 2046 lib.
1541 2013 1613 2054 111,
1627 2012 1736 2058 epigr.
1748 2024 1868 2053 xrvn,
1884 2023 1937 2045 10.

1269 2083 1281 2095 α
1302 2065 1379 2099 Illic
1397 2078 1563 2098 coronam
1585 2066 1776 2111 pinguibus
1797 2077 1938 2111 gravem

1265 2117 1387 2152 turdis.
1412 2136 1424 2147 »
1443 2140 1495 2144 —
1512 2119 1585 2152 Nec
1603 2118 1750 2152 dubium
1764 2144 1774 2160 ,
1789 2117 1875 2164 quin
1900 2129 1939 2151 ea

1264 2172 1554 2216 interpretatione
1567 2184 1690 2206 verum
1707 2183 1847 2205 sensum
1860 2171 1940 2204 atti-

1264 2225 1365 2270 geris.
1379 2224 1712 2270 Epigrammatarius
1729 2236 1860 2270 nempe
1876 2236 1940 2258 no-

1265 2286 1335 2312 ster
1352 2277 1444 2311 eirca
1460 2290 1563 2312 voces
1581 2277 1707 2311 ludum
1723 2278 1860 2324 quaerit.
1878 2277 1943 2310 At-

1266 2331 1327 2376 qui
1350 2343 1434 2364 num
1456 2331 1541 2364 salse
1563 2333 1761 2377 jocaretur,
1782 2342 1870 2364 num
1892 2330 1942 2363 le-

1266 2383 1369 2430 pide,
1392 2384 1419 2416 si
1442 2383 1565 2417 eodem
1590 2397 1729 2430 semper
1750 2396 1855 2417 sensu
1878 2382 1943 2417 Co-

1268 2450 1374 2469 ronam
1396 2438 1607 2482 usurparet?
1630 2439 1762 2472 Contra
1779 2435 1942 2470 nonnihil

1269 2499 1318 2524 est
1337 2491 1508 2524 acuminis
1533 2491 1569 2524 in
1590 2503 1711 2524 sensus
1728 2489 1943 2529 variatione3

1269 2542 1312 2576 de
1343 2556 1460 2585 rosea,
1490 2552 1642 2590 myrtea,
1661 2544 1792 2576 liliacea
1815 2545 1943 2576 corona

1270 2598 1346 2630 cani
1364 2597 1565 2641 putabatur,
1580 2597 1638 2630 ille
1654 2595 1698 2630 de
1714 2596 1944 2641 inexspectata

1271 2662 1399 2684 corona
1417 2650 1532 2683 avium
1553 2650 1657 2683 canit.
1677 2650 1743 2682 El).
