1901 3259
344 227 919 272 EPIGRAMMATUM
957 227 1080 270 LIB.
1119 226 1259 268 XIV.
1403 223 1498 285 273

706 376 905 434 CXC

482 532 663 561 LIVIUS
703 533 755 562 IN
796 533 1128 562 MEMBRANIS.

169 658 391 700 PELLIBUS
414 657 578 716 exiguis
602 665 796 700 arctatur
816 658 965 700 Livius
990 658 1141 717 ingens
1156 693 1167 711 ‚

242 726 385 783 Quem
410 742 505 770 mea
530 742 618 769 non
644 736 784 770 totum
813 726 1075 771 bibliotheca
1105 729 1231 788 capit.

173 852 230 907 ὃν
258 867 371 925 μόλις
398 861 482 909 οὐδ’
506 867 722 926 ὁλόκληρον
752 869 825 926 ἐμὴ
854 862 956 926 χάδε
985 865 1243 922 βιὲλιαθτῖκη,

242 933 380 987 Λίέιος
411 935 566 979 εἴλυται
597 931 829 997 διφθερίοισι
860 943 1023 997 μικροῖς.

160 1088 192 1109 1.
216 1075 358 1107 Pellibus
378 1078 501 1119 exiguis
527 1082 682 1115 arctatur,
709 1084 776 1109 etc.
838 1076 905 1109 illae
924 1076 1051 1109 chartae
1070 1076 1212 1110 fiebant.
1235 1077 1327 1111 Hinc
1343 1078 1512 1113 Martialis

102 1128 255 1172 Antiqua
269 1127 327 1161 illa
341 1128 458 1161 charta
470 1153 478 1168 ‚
492 1140 569 1173 quae
581 1140 626 1161 ex
640 1140 778 1173 papyro
837 1128 956 1162 scribit
981 1129 1231 1163 bibliothecam
1254 1143 1350 1164 suam
1373 1131 1429 1165 vix
1457 1144 1513 1165 ce-

103 1189 177 1215 erat
189 1181 350 1221 Nilotica,
366 1193 434 1226 qua
450 1181 595 1214 Veteres
613 1181 678 1224 usi,
694 1181 778 1214 scri·
837 1182 928 1226 pisse
965 1182 1057 1215 Livii
1096 1182 1277 1216 historiam
1317 1183 1353 1216 in
1394 1185 1513 1217 charta

103 1242 245 1279 pturam
263 1234 305 1266 ab
325 1246 396 1267 una
415 1241 550 1266 tantum
570 1242 668 1279 parte
687 1234 777 1267 reci·
837 1242 1010 1267 exaratam
1025 1246 1034 1268 ε
1049 1244 1084 1268 at
1100 1236 1136 1268 in
1152 1236 1301 1281 pellibus
1319 1237 1390 1270 sive
1409 1249 1516 1270 mem-

103 1285 240 1331 piebat‚
257 1298 321 1319 nec
340 1286 377 1319 in
394 1286 678 1332 opisthographis
693 1287 777 1320 scri·
838 1287 954 1320 branis
969 1287 1132 1333 scriptam
1143 1314 1152 1329 ‚
1168 1289 1268 1322 facile
1284 1290 1441 1334 quamvis
1457 1303 1516 1323 an-

103 1339 250 1380 luebant,
275 1339 340 1372 nisi
370 1338 583 1380 adversaria,
606 1348 671 1372 etc.
693 1340 779 1381 Quae
839 1348 958 1384 gustus
971 1341 1068 1373 locus
1084 1342 1264 1374 continere
1277 1342 1514 1387 posset05alm.

105 1391 210 1436 igitur
231 1392 273 1425 ab
295 1404 364 1425 una
386 1400 521 1425 tantum
538 1400 636 1438 parte
652 1392 780 1437 scripta
839 1413 891 1418 —-
906 1393 1032 1437 Ingens.
1050 1394 1080 1425 A
1094 1394 1175 1438 styli
1192 1394 1402 1440 insurgentis
1418 1408 1516 1440 gran-

106 1453 220 1483 erant‚
237 1456 275 1477 ea
288 1444 325 1478 in
337 1444 527 1478 voluminis
540 1445 688 1478 formam
701 1457 782 1478 con·
840 1443 949 1478 ditate
962 1472 971 1486 ‚
983 1457 1026 1478 an
1041 1446 1082 1479 ab
1096 1447 1210 1491 operis
1224 1447 1465 1493 magnitudine
1481 1456 1516 1481 et

105 1496 346 1541 globabantur‚
369 1506 404 1531 et
425 1498 576 1531 multum
597 1497 697 1542 spatii
721 1508 780 1530 oc·
839 1497 901 1530 lib.
917 1497 1011 1531 CXL
1030 1498 1283 1533 multitudine?
1298 1499 1371 1534 vid.
1385 1501 1406 1534 J
1410 1513 1512 1534 uven.

107 1549 279 1594 cupabant
291 1561 298 1583 ι
312 1562 383 1583 non
397 1550 490 1584 enim
504 1549 692 1584 admodum
705 1549 781 1583 latae
843 1549 956 1584 Satira
980 1562 1035 1584 vn
1045 1576 1055 1591 ‚
1072 1564 1123 1586 vs.
1153 1553 1212 1595 98.

695 1680 931 1740 CXCL

615 1837 1004 1867 SALLUSTIUS.

181 1968 269 2010 HIC
299 1966 404 2019 erit,
428 1973 478 2007 ut
502 1962 733 2024 perhibent
763 1962 993 2006 doctorum
1019 1963 1152 2007 corda
1179 1966 1371 2010 virorum
1388 2003 1399 2025 ⁷

250 2036 421 2079 Primus
447 2035 647 2077 Romana
676 2033 857 2093 Crispus
885 2033 930 2075 in
959 2033 1150 2077 historia.

185 2167 317 2218 Οὗτος
348 2169 425 2220 ἔοι,
451 2166 596 2228 λογίων
629 2170 679 2216 ὡς
708 2167 840 2210 ἔννεπε
870 2166 1050 2225 θέσφατα
1074 2175 1243 2226 φωτῶν,

249 2240 418 2298 Πρῶτος
441 2228 633 2298 ῥωμαῖκῇ
659 2235 837 2296 Κρίσπος
863 2239 900 2279 ἐν
927 2237 1070 2298 ἱςορίῃ.

173 2388 186 2408 1
196 2402 203 2409 .
218 2377 391 2409 Doctorum
403 2379 552 2408 virorum.
571 2375 785 2416 Quintiliani
843 2374 936 2408 dicio
950 2375 1120 2409 victorem
1135 2377 1287 2410 Sallustii
1301 2391 1374 2412 sese
1387 2384 1517 2424 praesti-

116 2430 174 2462 lib.
196 2429 254 2470 II,
276 2441 350 2473 cap.
379 2430 399 2459 6
423 2436 456 2461 et
476 2428 536 2460 lib.
557 2428 622 2470 IV,
643 2440 717 2474 cap.
742 2440 784 2470 23
845 2429 905 2470 tit;
929 2428 1060 2474 quippe
1084 2430 1145 2475 qui
1168 2442 1245 2463 acer
1264 2439 1298 2463 et
1323 2444 1458 2476 pressus
1480 2436 1514 2468 iu

117 2482 252 2515 Senecae
274 2481 336 2514 lib.
364 2481 436 2521 III,
459 2481 610 2513 Declam.
636 2489 669 2514 et
691 2482 784 2514 Con·
844 2480 994 2514 dicendo
1013 2495 1085 2515 non
1100 2482 1214 2515 minus
1230 2495 1332 2528 quam
1347 2484 1420 2529 ipse
1443 2487 1543 2520 Sal-⁰

118 2543 261 2567 trovers.
283 2533 326 2566 25
343 2559 352 2574 ‚
366 2533 428 2565 lib.
441 2534 486 2574 V;
501 2532 654 2565 Cornelii
673 2534 786 2566 Taciti
845 2534 992 2574 Iustius,
1016 2535 1213 2580 eloquentia
1236 2545 1269 2568 et
1291 2538 1434 2580 poeticis
1455 2552 1515 2573 co-

120 2587 244 2619 Annal.
258 2587 329 2627 III,
348 2585 403 2618 3ο.
417 2585 626 2630 Quanquam
645 2585 787 2619 ultimus
849 2587 981 2620 lorIbus
1004 2588 1104 2632 longe
1123 2599 1202 2620 eum
1223 2589 1407 2624 antecellit.

119 2640 177 2673 ille
196 2639 360 2672 aemulum
379 2650 450 2672 sese
468 2647 502 2671 et
523 2638 711 2673 multorum
730 2640 787 2684 ju·
905 2654 934 2671 κ.
961 2640 1099 2684 Crispus.
1132 2639 1325 2675 Sallustius.

166 2713 283 2754 ·Ill.
1252 2713 1307 2757 18
