1901 3259
300 242 884 287 EPIGRAMMATUM
923 243 1046 285 LIB.
1086 241 1225 284 XIV.

1354 235 1445 283 185

575 391 913 448 XXXVII.

570 528 906 578 sommum*

258 676 579 719 CoNsTchos
610 675 692 718 nisi
717 673 793 718 das
819 674 926 717 mihi
956 671 1141 726 libellos;

258 744 498 789 Admittam
523 745 682 799 tineas,
707 754 937 805 trucesque
959 743 1129 788 blattas.

260 870 319 926 ἤν
345 901 412 943 μοι
435 880 574 937 βιὲλία
599 886 652 944 μὴ
680 878 804 940 διδῷς
831 878 1020 938 δεθέντα,

259 950 420 1004 Εἰσάξω
440 955 545 1008 σέας,
567 954 610 1001 ἠὲ
632 960 758 1005 σῆτας
783 955 929 1013 ὠμούς.

103 1087 118 1102 ’
133 1089 407 1137 Componendos
423 1090 492 1132 ait,
508 1098 543 1124 et
555 1090 728 1124 constrin-

53 1143 186 1191 gendos
204 1144 240 1177 in
260 1144 390 1178 scrinio
408 1143 538 1186 libros,
559 1155 604 1176 ne
622 1142 728 1176 soluti

53 1206 343 1244 corrumpantur,
364 1204 399 1230 et
419 1196 523 1230 tineis
542 1197 730 1241 blattisque

57 1250 250 1285 ludibrium
270 1250 366 1284 fiant.
387 1249 505 1283 Rader.

113 1317 144 1338 1·
166 1304 369 1338 Conso-notos
389 1301 466 1337 cod.
487 1302 524 1335 in
542 1315 648 1348 marg.
672 1301 729 1336 ed.

56 1358 133 1391 Par.
165 1359 281 1402 1617;
300 1357 368 1390 nisi
389 1354 531 1402 quidem
554 1367 729 1396 erremus,

57 1422 171 1455 quum
192 1410 241 1443 sic
260 1417 441 1443 notamus:
456 1421 535 1442 nam
553 1409 613 1442 tali
634 1421 732 1442 more

58 1464 131 1496 fere
151 1475 288 1508 semper
305 1461 529 1507 indigitantur
550 1461 732 1495 varietates

60 1516 95 1548 in
118 1528 158 1549 eo
179 1528 287 1560 marg.
314 1529 342 1547 υ.
371 1523 538 1547 construet.
561 1516 733 1548 Caetc-rum

787 1090 835 1124 ita
852 1090 967 1135 legere
989 1090 1074 1123 alios
1095 1096 1217 1122 monet
1233 1088 1463 1122 Schrevelius.

787 1143 923 1177 Selectos
943 1142 1022 1177 cod.
1041 1142 1179 1176 Thuan.
1206 1142 1336 1176 Nostra
1360 1141 1464 1175 lectio

787 1195 929 1230 videtur
957 1196 1060 1242 longe
1085 1196 1210 1229 melior
1240 1207 1248 1228 :
1287 1195 1324 1228 in
1351 1194 1468 1228 arcula

788 1249 922 1295 quippe
932 1248 1133 1283 coarctandi
1148 1257 1229 1282 sunt
1242 1248 1322 1281 libri
1336 1273 1344 1288 ‚
1360 1260 1403 1280 ne
1416 1259 1469 1281 so-

789 1302 853 1336 luti
868 1302 1102 1336 corrodantur
1120 1301 1309 1335 vermibus.

847 1368 881 1388 2.
900 1355 1093 1389 Admittam.
1110 1372 1124 1385 <x
1146 1354 1244 1396 Quid
1265 1355 1293 1388 si
1313 1354 1469 1399 legamus

792 1409 993 1449 Admittent,
1016 1422 1062 1443 sc.
1080 1408 1218 1442 libelli?
1234 1407 1470 1441 »Sclzl·evel.——

798 1462 897 1494 Tinea
938 1470 972 1494 et
1002 1462 1104 1494 blatta
1134 1474 1223 1507 saepe
1257 1463 1467 1506 junguntur.

795 1513 878 1547 Vid.
903 1515 962 1547 lib.
977 1515 1046 1555 VI,
1068 1515 1174 1560 epigr.
1199 1528 1266 1555 Lx,
1285 1527 1334 1547 vs.
1359 1527 1391 1558 7.

572 1651 955 1707 XXXVIII,

452 1808 653 1837 FASCES
691 1807 1079 1836 CALAMORUM.

133 1936 238 1978 DAT
265 1933 425 1977 chartis
451 1931 615 1976 habiles
641 1931 831 1976 calamos
855 1932 1142 1992 Memphitica
1171 1930 1321 1986 tellus3

204 2005 426 2048 Texantur
452 2002 616 2063 reliqua
639 2012 753 2047 tecta
777 2002 934 2064 palude
960 2002 1048 2046 tibi.

136 2144 203 2195 Εἰς
233 2146 282 2187 τὸ
312 2143 494 2205 γράφειν,
522 2144 728 2203 καλάμους
754 2144 957 2203 Μεμφῖτις
985 2147 1082 2204 γαῖα
1107 2148 1291 2204 χορηγεῖ·

207 2217 290 2262 Τὴν
316 2217 458 2262 λοιπὴν
486 2209 524 2256 δ’
551 2216 646 2261 ὕλην
676 2214 727 2264 εἰς
759 2216 806 2257 τὸ
834 2214 1028 2274 κάλυμμα
1054 2217 1207 2275 τέγους.

124 2367 157 2388 1.
180 2354 249 2387 Dat
274 2354 389 2387 chartis
410 2354 541 2386 habiles.
566 2352 743 2399 Memphis
801 2351 872 2394 dii,
888 2361 923 2387 et
941 2352 1001 2398 qui
1019 2352 1057 2386 in
1074 2352 1153 2386 Asia
1170 2352 1261 2386 circa
1281 2352 1477 2387 Anaiticum

71 2406 215 2453 AEgypti
229 2407 313 2440 urbs
329 2406 556 2441 nobilissima.
572 2405 666 2439 Vide
681 2406 742 2439 lib.

71 2460 184 2506 Spect.
208 2460 316 2506 epigr.
339 2471 366 2492 1.
389 2459 524 2493 Plinius
545 2459 606 2493 lib.
632 2459 720 2492 XVI
735 2483 745 2499 ‚

802 2406 915 2439 lacum
925 2413 1150 2440 nascuntur.»
1168 2407 1349 2452 AEgyptios
1362 2414 1477 2440 tamen

803 2459 951 2492 calamos
974 2471 1046 2506 prae
1072 2459 1148 2492 aliis
1175 2459 1342 2492 omnihus
1361 2459 1479 2493 laudat

72 2526 147 2558 cap.
169 2513 217 2546 36
237 2525 246 2546 ε
270 2512 432 2546 «chartis
448 2513 603 2546 serviunt
622 2512 746 2546 calami
806 2513 930 2553 Poeta,
948 2520 981 2545 et
997 2512 1080 2545 alios
1094 2511 1193 2545 lectis
1211 2511 1408 2546 muniendis
1425 2513 1478 2546 in-²

75 2565 229 2611 AEgyptii
255 2565 403 2598 maxime
429 2565 636 2610 cognatione
662 2577 745 2610 qua-

75 2616 155 2651 dam
165 2618 300 2664 papyri.
314 2618 533 2652 probatiores
544 2626 658 2652 tamen
667 2618 749 2652 Gni-

807 2566 935 2599 servire
957 2564 1084 2598 debere
1100 2573 1226 2598 censet.

871 2633 893 2651 z.
924 2620 1009 2651 Tum
1030 2618 1103 2650 MS,
1123 2618 1252 2651 Bexverlr
