2044 3292
496 232 558 277 68

866 227 926 269 Μ.
952 224 1091 268 VAL.
1135 218 1517 265 MARTIALIS

1034 375 1362 434 LXXIII.

983 534 1050 560 AD
1090 529 1414 559 CATULLUM.

708 662 950 704 HAEREDEM
985 655 1061 698 tibi
1093 670 1187 706 me,
1218 651 1410 706 Catulle,
1441 651 1558 694 dicis.

711 731 811 773 Non
840 726 1042 776 credam,
1067 725 1146 767 nisi
1172 723 1342 783 legero,
1367 720 1550 765 Catulle.

560 885 591 904 ει.
611 870 685 902 Nisi
698 869 813 913 legero.
825 865 901 899 Hoc
919 872 988 904 est,
1002 863 1067 896 nisi
1083 874 1181 895 mor-

510 935 590 958 tuus
607 921 731 955 fueris:
747 920 873 954 tabulae
889 917 982 951 enim
1000 924 1184 949 testamen-

507 977 601 1011 tariae
612 988 682 1008 non
695 973 954 1019 aperiebantur,
965 969 1030 1002 nisi
1043 976 1182 1002 mortuo

506 1038 678 1064 testatore.
693 1027 758 1060 Vel
782 1024 935 1069 intellige
947 1049 955 1064 ,
979 1025 1040 1055 nisi
1064 1023 1181 1066 legero,

1244 869 1300 894 tua
1323 861 1455 895 scilicet
1474 872 1546 893 ossa
1561 873 1570 900 ;
1587 860 1635 893 sic
1656 860 1758 893 tacite
1778 860 1916 894 Catullo

1244 922 1393 947 mortem
1407 921 1520 959 optat,
1536 926 1606 959 quo
1621 913 1723 946 citius
1739 914 1811 959 ejus
1826 913 1917 946 bona

1244 966 1432 1013 possideat.
1453 987 1504 993 —
1527 967 1671 999 Praestat
1692 966 1789 1011 prior
1810 965 1918 999 inter-

1244 1018 1493 1065 pretatio.Vid.
1505 1029 1539 1053 et
1549 1019 1594 1053 cf.
1607 1020 1630 1052 l.
1643 1019 1711 1059 XI,
1724 1031 1779 1064 ep.
1792 1031 1903 1052 vau.

1065 1160 1362 1215 LXXIV.

998 1319 1069 1347 An
1121 1296 1436 1346 FLACCUM.*

585 1450 736 1505 QUUM
763 1443 839 1488 tibi
866 1440 1062 1487 Niliacus
1093 1449 1237 1500 portet
1261 1438 1460 1500 crystalla
1490 1439 1706 1501 cataplus,

571 1586 585 1598 ¹
606 1582 803 1629 Anteponit
820 1592 921 1613 usum
942 1579 1090 1612 calicum
1111 1577 1199 1611 ficti-

514 1636 792 1678 lium‚calicibus
804 1633 924 1667 vitreis
942 1640 974 1665 et
988 1630 1198 1675 crystallinis

519 1705 561 1726 ex
590 1693 742 1736 1ngpto
769 1686 899 1726 allatis,
921 1691 1068 1731 propter
1098 1696 1198 1716 usum

523 1753 558 1778 et
585 1743 740 1790 pretium
773 1740 904 1780 vilius;
931 1738 1117 1781 minusque
1148 1737 1201 1768 in-

526 1793 754 1832 commodum
769 1792 796 1826 si
811 1792 1030 1836 frangantur,
1043 1798 1100 1823 aut
1113 1789 1204 1822 fran-

525 1849 630 1896 gendi
652 1848 732 1881 sint.
754 1845 837 1879 Rad.

581 1915 611 1936 1.
637 1900 802 1945 Cataplus.
828 1897 885 1931 Sic
900 1898 980 1929 Vat.
1010 1904 1044 1928 et
1077 1896 1124 1928 sic
1153 1894 1205 1926 vi-

528 1955 633 1989 detur
657 1953 780 1998 legisse
807 1948 1026 1984 Calderinus.
1047 1948 1206 1981 Turneb.

530 2019 672 2054 quoque
694 2004 819 2045 XXX,
846 2003 889 2037 26
903 2027 911 2040 ,
933 2001 981 2034 sic
1003 1999 1138 2045 legend.
1160 2000 1207 2032 ait

530 2070 570 2094 ut
585 2061 629 2094 sit
646 2057 823 2102 navigatio
841 2054 1091 2100 AEgyptiorum
1105 2066 1113 2086 :
1127 2065 1208 2085 nam

533 2127 576 2147 ex
585 2114 740 2158 AEgypto
752 2118 785 2143 et
796 2120 934 2142 annona
945 2115 978 2140 et
990 2118 1121 2139 merces
1133 2106 1210 2151 plu-

533 2167 631 2200 rimae
657 2165 804 2198 Romam
835 2159 1110 2194 advehebantur.
1140 2157 1210 2192 Sed

539 2219 690 2252 Catastus
707 2214 787 2249 edd,
805 2222 889 2247 vett.
907 2211 1136 2246 etVitruvius
1150 2211 1210 2244 lib.

534 2271 637 2313 VIII,
646 2282 722 2315 cap.
737 2272 770 2309 4,
781 2267 830 2301 sic
840 2267 886 2299 ait
897 2278 904 2299 ε
914 2282 927 2295 α
935 2264 1096 2310 Ideoque
1107 2273 1215 2297 trans-

536 2324 690 2357 marinos
717 2328 862 2354 catastos
886 2330 1001 2352 emere
1025 2318 1211 2353 formosos,

539 2385 606 2410 etc.
622 2393 636 2406 »ι
654 2376 775 2420 Itaque
791 2371 912 2406 catasti
927 2378 1008 2404 sunt
1023 2369 1123 2416 pueri
1143 2370 1214 2402 for-

539 2429 649 2470 mosi,
670 2435 710 2461 ut
740 2432 874 2459 constat
899 2423 1004 2457 etiam
1030 2435 1071 2455 cx
1101 2422 1215 2455 Plinio

539 2482 603 2515 lib.
618 2479 772 2520 XXXV,
787 2490 863 2523 cap.
886 2477 943 2510 18.
962 2477 1014 2508 De
1027 2475 1082 2508 his
1099 2483 1217 2508 noster

540 2542 643 2580 poeta
666 2531 806 2566 videtur
827 2541 927 2575 agere
943 2528 1006 2561 lib.
1026 2528 1091 2569 IV,
1108 2527 1216 2573 epigr.

541 2597 624 2620 xmx
635 2611 644 2627 ,
668 2585 687 2619 3
705 2597 713 2619 :
734 2583 898 2618 «Niliacis
912 2582 1068 2628 primum
1084 2592 1171 2625 puer
1190 2581 1218 2612 is

543 2646 704 2672 nascatur
722 2637 759 2670 in
779 2636 860 2670 oris.
885 2651 899 2664 »ι
911 2633 1120 2668 -Niliacus
1140 2646 1217 2678 por-

1258 1587 1312 1611 tet.
1339 1579 1391 1611 Ex
1415 1580 1580 1624 AEgypto.
1600 1602 1651 1606 —
1670 1580 1844 1627 Ctjrsmlla.
1864 1581 1930 1614 Ca-

1256 1632 1338 1665 lices
1358 1631 1487 1664 vitreos
1507 1640 1539 1665 et
1562 1634 1792 1678 crystallinos
1805 1655 1853 1660 —
1867 1634 1931 1666 Cu-

1261 1685 1374 1730 taplus.
1403 1683 1584 1730 Navigatio
1613 1694 1645 1718 et
1667 1687 1803 1732 navigia
1825 1688 1933 1732 AEgy-

1259 1738 1426 1782 ptiorum.
1451 1737 1504 1770 Ex
1528 1740 1679 1784 AEgypto
1701 1752 1784 1773 vero
1803 1752 1934 1773 merces

1261 1791 1334 1824 istae
1359 1790 1479 1823 allatae.
1510 1791 1588 1824 Lib.
1609 1792 1708 1831 XIV,
1731 1793 1934 1838 epigramm.

1262 1855 1338 1876 cxv.
1361 1843 1530 1888 Crystalla
1558 1843 1620 1877 ista
1641 1858 1718 1891 quae
1741 1846 1935 1880 affereban-

1264 1904 1320 1929 tur
1332 1895 1571 1930 Alexandrino
1584 1897 1747 1944 Cataplo,
1759 1911 1828 1932 non
1839 1899 1937 1932 fuere

1265 1961 1344 1982 vera
1367 1950 1548 1994 crystalla,
1572 1949 1632 1983 sed
1657 1956 1937 1997 κρυσταλλοφανῆ,

1267 2014 1326 2034 seu
1357 2001 1466 2042 vitra,
1499 2003 1651 2047 crystalli
1686 2003 1938 2044 similitudine,

1268 2065 1344 2100 quae
1362 2054 1397 2086 in
1417 2054 1627 2089 Alexandria
1648 2057 1941 2098 conficiebantur,

1269 2115 1303 2140 et
1323 2119 1449 2152 magno
1470 2116 1567 2141 erant
1587 2108 1624 2141 in
1646 2110 1772 2155 pretio.
1794 2110 1840 2144 At
1863 2122 1941 2156 quae

1270 2161 1388 2193 Romae
1409 2160 1539 2194 fiebant
1565 2167 1847 2208 κρυσταὶλοφανῆ,
1870 2173 1943 2196 asse

1271 2213 1447 2247 venibant.
1483 2214 1570 2247 Nam
1599 2216 1787 2261 ὑαλουργοὺς
1815 2217 1943 2248 Roma-

1272 2278 1335 2298 uos
1355 2267 1461 2299 multa
1483 2266 1704 2301 adinvenisse
1728 2267 1834 2302 tradit
1853 2268 1945 2302 Stra-

1272 2319 1318 2351 bo
1340 2317 1383 2351 ad
1405 2319 1606 2353 facilitatem
1630 2320 1712 2354 vitri
1735 2319 1945 2355 conficiendi

1275 2384 1312 2403 ac
1331 2371 1510 2405 vilitatem.
1536 2372 1691 2407 Pretiosa
1716 2374 1946 2408 nihilominus

1276 2423 1392 2456 habita
1408 2437 1555 2470 semper,
1571 2438 1650 2471 quae
1666 2426 1702 2459 in
1718 2429 1870 2473 AEgypto
1884 2427 1946 2460 fie-

1276 2477 1359 2509 bant
1370 2502 1378 2518 ,
1391 2485 1494 2522 atque
1508 2477 1592 2511 inde
1604 2479 1850 2514 afferebantur.
1861 2478 1947 2512 Ideo

1277 2529 1382 2562 Poeta
1397 2531 1556 2576 crystalla
1571 2531 1694 2565 Niliaci
1709 2533 1865 2578 cataplis‚
1880 2533 1948 2566 hoc

1280 2589 1350 2622 est,
1371 2587 1633 2629 κρυσταλλοφανῆ
1655 2597 1734 2618 cum
1753 2586 1872 2618 Romae
1890 2597 1949 2619 ve-

1277 2635 1469 2669 neuntibus
1494 2645 1690 2683 comparat,
1712 2650 1790 2672 cara
1809 2637 1946 2672 vilibus.
