2044 3292
510 211 599 257 ¹90
878 199 939 242 M.
963 200 1105 257 VAL.
1146 201 1541 245 MARTIALIS

1091 350 1317 406 XLVI.

935 509 1067 537 PlLA
1105 509 1482 539 TRIGONALts

574 634 618 676 S1
646 650 716 677 me
739 632 956 678 nobilibus
983 635 1066 678 scis
1091 633 1319 696 expulsare
1348 636 1553 691 sinistris,

641 706 746 747 Sum
780 714 854 747 tua
876 720 885 747 ε
911 705 942 748 si
975 705 1139 761 nescis,
1165 705 1352 762 rustice,
1374 705 1506 751 redde
1531 705 1678 768 pilam.

571 841 667 901 Εἰμὶ
690 845 761 890 τεὴ
776 876 787 897 ‚
810 847 906 901 λαιῇ
928 837 1078 894 παίζων
1105 844 1140 888 εἴ
1162 845 1205 904 μ’
1225 839 1339 896 οἶδας
1360 844 1544 888 ἀπωθεῖν·

641 912 691 955 Εἰ
713 907 761 957 δέ
782 931 846 957 τοι
870 916 942 958 οὐκ
965 909 1077 965 οἶδας
1091 948 1102 968 ,
1123 919 1318 976 σφαῖραν,
1340 914 1507 977 ἀγροῒκζ
1529 910 1702 967 ἀπόδος.

560 1064 591 1086 1.
620 1051 792 1086 Mobilibus
821 1053 962 1087 exbibet
995 1053 1052 1088 ed.
1079 1053 1181 1087 Barb.
1243 1054 1373 1089 nistris.
1389 1053 1590 1101 Perpendat
1602 1063 1636 1088 et
1649 1053 1786 1101 judicet
1799 1055 1920 1090 lector.

504 1125 555 1131 —
565 1105 602 1139 Si
615 1118 662 1138 me
675 1105 843 1139 nobilibus.
857 1105 1035 1142 Industria
1051 1107 1184 1154 quippe
1301 1120 1318 1141 2
1331 1135 1338 1142 .
1354 1109 1482 1141 Rustico
1493 1136 1503 1150 ,
1522 1107 1617 1140 redde
1627 1109 1740 1154 pilam.
1755 1109 1827 1151 Qui
1845 1117 1922 1142 tan-

502 1158 611 1191 multa
637 1170 726 1204 opus
750 1167 825 1192 erat
847 1158 891 1192 ad
921 1160 1014 1194 hunc
1045 1159 1183 1194 ludum.
1245 1169 1323 1195 tum
1342 1161 1508 1207 paganica
1524 1159 1648 1194 ludere
1662 1161 1779 1196 nosti:
1796 1162 1853 1194 vel
1863 1174 1923 1195 ru-

506 1210 600 1245 Vide
625 1211 687 1245 lib.
713 1213 779 1254 IV,
808 1213 917 1259 epigr.
941 1225 1030 1256 mx,
1059 1221 1093 1247 et
1120 1213 1184 1247 lib.
1245 1212 1298 1247 dis
1318 1222 1352 1248 et
1370 1214 1511 1248 indocte
1530 1214 1620 1260 pilae.
1634 1214 1690 1248 Sic
1706 1214 1796 1248 infra
1812 1214 1911 1260 epigr

504 1264 576 1297 VII
587 1291 597 1306 ‚
608 1265 700 1311 epig.
712 1277 813 1299 xxxn
825 1291 835 1307 ‚
846 1274 880 1299 et
892 1279 989 1300 Lxxn
999 1293 1008 1308 ‚
1020 1278 1040 1310 9
1059 1275 1092 1300 et
1108 1279 1184 1313 sqq.
1246 1279 1339 1301 van
1352 1292 1362 1309 ,
1381 1267 1511 1301 Graecae
1534 1268 1660 1312 linguae
1679 1266 1808 1301 rudem
1821 1276 1924 1301 vocat

510 1335 523 1347 n
542 1317 598 1351 Sic
614 1318 763 1364 palmam
782 1318 847 1352 tibi
864 1318 907 1353 de
928 1319 1068 1365 trigone
1088 1319 1186 1353 nudo
1247 1323 1408 1354 rusticum.
1438 1320 1494 1354 Sic
1518 1319 1736 1362 Numidicae,
1768 1320 1897 1354 Ionicae
1914 1346 1924 1362 ,

504 1371 629 1405 Unctae
655 1370 715 1405 det
743 1372 843 1405 favor
865 1373 994 1406 arbiter
1022 1385 1162 1407 coronae
1174 1397 1184 1414 ‚
1247 1373 1421 1408 Colchicae
1446 1374 1519 1407 avis
1530 1400 1539 1416 ‚
1572 1373 1744 1418 jecorisve
1771 1373 1923 1407 anserini

503 1424 577 1458 Nec
587 1423 706 1458 laudet
717 1424 846 1471 Polybi
862 1426 969 1472 magis
988 1425 1180 1460 sinistras.»
1245 1438 1310 1460 nec
1331 1426 1485 1472 pretium
1509 1434 1711 1469 noscentes,
1733 1439 1847 1473 neque
1872 1438 1924 1460 sa-

506 1476 614 1510 Unde
626 1478 820 1512 Scriverius
829 1478 888 1513 hic
899 1479 983 1525 legit
994 1479 1112 1513 aliter:
1129 1480 1185 1513 «Si
1245 1492 1370 1525 porem
1383 1478 1628 1526 dignoscentes
1643 1480 1794 1514 barbaros
1808 1487 1926 1521 vocat,

507 1542 562 1563 me
583 1530 648 1564 scis
671 1531 797 1576 Polybi
822 1531 908 1565 levis
939 1532 1121 1578 expulsare
1140 1533 1185 1566 si·
1245 1532 1307 1567 lib.
1325 1533 1434 1575 XIII,
1451 1533 1561 1579 epigr.
1583 1544 1712 1566 Lxxnr.

1094 1667 1355 1724 XLVII.

1109 1826 1325 1855 FOLLl&

579 1956 657 1996 ITE
682 1952 861 2013 procul,
882 1952 1066 2012 juvenes
1089 1970 1097 1996 ε
1126 1953 1244 1997 mitis
1267 1953 1374 1997 mihi
1401 1955 1608 1999 convenit
1627 1965 1751 2010 aeta83

649 2022 767 2067 Folle
796 2023 923 2067 decet
947 2025 1107 2084 puero's
1132 2022 1306 2081 ludere,
1330 2022 1432 2069 folle
1455 2041 1592 2070 senes.

569 2166 677 2211 Τῆλε
705 2162 852 2211 νεηνίαι
884 2164 964 2213 ἐςὲ·
992 2165 1165 2206 πέττουσι
1190 2161 1270 2224 γὰρ
1291 2163 1461 2224 ἥραρον,
1490 2165 1635 2224 ἀμφοῖν

648 2235 830 2293 Κωρύκῳ
859 2230 1012 2285 παίζειν
1041 2233 1180 2287 παισὶ,
1206 2235 1364 2295 γέρουσι
1392 2235 1548 2295 πρέπει.

566 2380 599 2401 1.
620 2367 724 2400 Mitis.
741 2366 883 2399 Etenim
915 2378 988 2399 non
1016 2378 1108 2411 opus
1138 2374 1190 2400 est
1247 2367 1392 2412 juvenes
1414 2367 1532 2412 priore
1555 2367 1772 2414 alloquutum
1795 2380 1813 2402 a
1827 2370 1928 2415 juve·

511 2432 633 2466 magna
655 2419 690 2453 vi
706 2445 715 2463 ,
742 2418 838 2453 unde
858 2419 1080 2453 robustiores
1105 2417 1189 2452 ado·
1251 2432 1338 2452 num
1357 2420 1461 2465 globo
1480 2432 1577 2454 nunc
1595 2419 1757 2455 recedere
1769 2447 1778 2463 ‚
1792 2430 1831 2456 ut
1847 2434 1931 2468 pue-

511 2475 677 2508 lescentes
696 2473 765 2507 alio
784 2471 862 2506 ludi
880 2484 1007 2518 genere
1029 2484 1190 2506 exercere
1252 2485 1309 2506 ros
1327 2481 1361 2506 et
1377 2485 1475 2507 senes
1491 2486 1633 2519 quoque
1649 2474 1859 2521 alloquatur.

509 2540 544 2560 se
558 2526 700 2561 debent.
715 2526 858 2560 Diceres
872 2526 1015 2559 Poetam
1031 2525 1191 2560 recitasse
1309 2539 1342 2559 2.
1361 2526 1466 2559 Folle.
1490 2527 1564 2560 Pila
1583 2527 1716 2561 scilicet
1738 2536 1846 2561 vento
1874 2527 1929 2560 in·

511 2589 543 2613 et
567 2581 778 2626 epigramma
801 2588 835 2613 et
852 2580 921 2614 hoc
944 2577 1044 2625 quod
1066 2591 1192 2624 praece·
1252 2578 1350 2615 ssata,
1371 2591 1438 2625 qua
1451 2580 1554 2625 pueri
1575 2588 1609 2614 et
1623 2592 1722 2614 senes
1738 2592 1774 2614 se
1793 2591 1930 2614 exerce-

511 2632 562 2667 dit
599 2632 723 2667 eodem
758 2633 927 2678 temporis
960 2631 1128 2670 articulo,
1159 2640 1192 2665 et
1253 2632 1347 2665 bant.
1365 2631 1459 2666 Vide
1478 2633 1539 2666 lib.
1564 2633 1629 2674 IV,
1648 2633 1755 2678 epigr.
1776 2645 1855 2675 xix,
1869 2645 1901 2676 7.
