2044 3292
542 225 633 271 126

911 227 972 268 M.
1006 226 1145 269 VAL.
1185 227 1570 271 MARTIALIS

1159 377 1324 432 LXL

1075 514 1410 565 ATTAGENAE.*

674 660 821 702 lNTER
850 673 1026 718 sapores
1056 657 1197 702 fertur
1221 658 1371 702 alitum
1398 658 1563 720 primus

675 728 926 772 Ionicarum
952 738 1102 790 gustus
1127 738 1441 790 attagenarum.

674 860 730 911 Εν
751 869 950 930 ὀρνιθείοις
971 869 1234 929 νοςιμωτοίτη
1258 874 1393 929 χυλοῖς

675 941 765 982 Τῶν
790 940 1029 1001 ἀτταγῆνων
1056 941 1116 989 ἔς·’
1137 942 1307 983 Ιωνικῶν
1329 946 1474 1002 γεῦσις.

588 1075 602 1089 “
613 1080 773 1124 Atagenae
784 1092 847 1126 per
863 1080 1009 1114 unicum
1021 1088 1033 1112 t
1044 1080 1212 1113 exhibent

537 1131 616 1167 edd.
635 1132 714 1166 Ald.
740 1133 840 1166 Juut.
863 1133 977 1167 Colin.
1008 1141 1042 1166 et
1063 1133 1210 1166 Farnab.

538 1187 698 1231 .›1t1’ganoe
705 1185 759 1219 ed.
769 1187 847 1220 Par.
857 1198 871 1220 1
882 1186 1122 1231 617.—Varie
1132 1185 1213 1219 scri-

537 1239 634 1272 bitur
655 1238 748 1273 istud
770 1239 998 1280 vocabulum,
1016 1247 1091 1272 tum
1118 1237 1212 1284 apud

538 1292 700 1334 Graecos,
723 1301 797 1326 tum
822 1291 917 1338 apud
946 1292 1101 1325 Latinos.
1122 1292 1212 1325 Nam

536 1346 574 1378 in
591 1343 711 1379 Graeca
723 1346 841 1390 lingua
857 1346 1007 1390 ἀτταγᾶς
1017 1367 1028 1383 ,
1039 1345 1188 1390 ἀττάγας
1201 1370 1210 1384 ,

537 1399 683 1443 ἀτταγῆν
709 1407 742 1432 et
768 1399 910 1443 ἀτταγή.
931 1397 1214 1444 Oppianus‚Ve-

534 1460 605 1485 nat.
627 1451 688 1485 lib.
720 1452 756 1484 II
776 1478 785 1493 ‚
812 1464 861 1485 vs.
895 1450 981 1491 405.
1001 1449 1090 1484 dixit
1108 1451 1211 1484 ἀττα-

1269 1082 1372 1125 γέων,
1398 1080 1540 1125 genitiv.
1564 1080 1658 1125 plur.
1682 1080 1771 1113 Item
1800 1081 1944 1115 Latino-

1271 1145 1370 1171 rum,
1396 1133 1560 1166 Horatius
1581 1132 1671 1166 dixit
1696 1134 1839 1179 Attagvn
1859 1135 1945 1167 Ioni-

1271 1199 1324 1218 cus
1338 1213 1345 1225 ,
1372 1185 1542 1219 Martialis
1556 1212 1565 1227 ‚
1589 1186 1763 1230 Attagena.
1781 1207 1833 1212 ——-
1846 1187 1946 1220 Atta·

1270 1251 1434 1283 genarum.
1464 1239 1553 1272 Aves
1583 1251 1708 1284 nempe
1730 1247 1810 1272 sunt
1834 1239 1948 1285 gustui

1273 1291 1484 1337 gratissimae.
1508 1292 1625 1324 Ionicoe
1645 1291 1833 1333 dicuntur,
1848 1290 1948 1338 quod

1272 1345 1422 1378 maxime
1436 1344 1473 1377 in
1489 1344 1587 1378 Ionia
1603 1353 1798 1379 nascantur.
1806 1343 1900 1378 Vide
1913 1352 1949 1378 et

1273 1397 1318 1431 cf.
1352 1397 1506 1431 Plinium
1533 1397 1594 1431 lib.
1628 1398 1683 1438 X,
1707 1410 1783 1444 cap.
1818 1402 1887 1442 49,
1913 1405 1949 1430 et

1275 1450 1480 1484 Athenaeum
1489 1477 1498 1492 ‚
1518 1450 1757 1496 Deipnosoph.
1771 1450 1834 1484 lib.
1846 1450 1947 1484 XIV.

1134 1585 1344 1643 LXIL

1492 1722 1508 1739 *—

976 1743 1218 1772 GALLINA
1256 1743 1476 1771 ALTILIS.

609 1869 844 1911 PAsciTUR
873 1876 917 1910 et
941 1865 1058 1910 dulci
1083 1864 1221 1909 facilis
1244 1864 1401 1925 gallina
1422 1865 1582 1921 farina,

679 1938 877 1982 Pascitur
903 1946 947 1981 et
977 1936 1168 1981 tenebris
1194 1954 1202 1979 :
1226 1937 1448 1997 ingeniosa
1477 1935 1577 1997 gula
1604 1946 1677 1979 est.

609 2078 721 2132 Οἴκῳ
741 2080 777 2120 ἐν
801 2077 973 2137 ὀρφναίῳ
993 2073 1191 2128 σιτίζεται
1210 2077 1311 2135 ὅρνις
1333 2076 1484 2135 ἀλεύρῳ

678 2138 793 2190 Ηδέϊ·
817 2146 991 2206 λιχνείης
1017 2142 1085 2196 ὀξὺ
1109 2147 1287 2205 σόφισμα
1316 2147 1441 2189 πέλει.

595 2288 607 2299 '
632 2287 766 2322 Gallina
787 2286 898 2319 altilis.
914 2286 963 2318 Ea
985 2283 1118 2318 dicitur
1140 2296 1216 2329 quae

543 2341 641 2374 domi
668 2340 844 2386 saginatur
877 2338 987 2372 farina
1013 2335 1155 2383 quidem
1182 2345 1216 2370 et

538 2394 695 2428 -tenebris
710 2419 719 2433 ‚
743 2410 756 2422 u
773 2390 872 2437 quod
897 2399 1014 2425 motus
1037 2402 1156 2423 earum
1183 2398 1215 2423 et

543 2448 602 2480 lux
634 2444 842 2493 pinguedini
879 2444 1019 2478 inimica
1042 2460 1071 2475 ».
1102 2444 1216 2476 Varro

542 2501 601 2533 lib.
624 2501 698 2541 ΙΙΙ,
722 2511 795 2544 cap.
817 2511 852 2543 9.
877 2499 964 2531 Item
994 2495 1188 2531 Columella
1208 2509 1215 2529 :

545 2571 557 2581 α
576 2554 687 2586 Locus
711 2552 754 2585 ad
782 2552 849 2585 hoc
879 2549 1114 2589 desideratur,
1135 2549 1217 2583 cali—

540 2606 604 2639 dus
627 2605 775 2638 maxime
801 2614 834 2638 et
863 2604 998 2638 minimi
1024 2603 1181 2636 luminis.
1200 2619 1212 2631 ›·

541 2660 642 2692 Cous.
659 2659 760 2692 etiam
781 2658 906 2691 Seneca
919 2683 927 2698 ,
945 2656 1044 2702 epist.
1068 2669 1081 2689 1
1093 2656 1151 2689 23.
1166 2676 1217 2681 ——

1276 2285 1444 2327 Ingeniosa
1469 2284 1548 2328 gula
1579 2292 1633 2317 est.
1656 2284 1789 2317 Plinius
1812 2283 1873 2316 lib.
1892 2284 1950 2325 X,

1276 2348 1350 2382 cap.
1375 2337 1432 2370 50.
1454 2354 1467 2366 «
1482 2337 1621 2370 Invenit
1637 2337 1732 2370 mille
1753 2345 1842 2370 artes
1860 2336 1950 2370 vias-

1277 2401 1347 2434 que
1381 2388 1587 2423 deliciarum
1618 2390 1720 2423 luxus
1754 2398 1788 2423 et
1817 2389 1909 2434 gula.
1931 2406 1945 2419 2»

1276 2442 1431 2476 Gulones
1444 2443 1500 2475 isti
1514 2443 1684 2489 ingeniosi
1698 2450 1777 2476 sinit
1792 2441 1835 2475 ad
1851 2442 1950 2475 luxu·

1277 2496 1376 2528 riam.
1412 2496 1467 2529 Sic
1494 2496 1555 2530 lib.
1586 2497 1689 2537 XIV,
1705 2496 1815 2541 epigr.
1838 2507 1949 2528 cxvu.

1277 2548 1334 2582 sic
1356 2556 1390 2582 et
1410 2549 1598 2582 Petronius
1615 2561 1623 2581 :
1644 2564 1656 2577 α
1669 2548 1851 2594 Ingeniosa
1863 2547 1949 2592 -gula

1278 2609 1345 2641 est,
1373 2601 1488 2635 Sicula
1519 2614 1634 2636 scarus
1662 2613 1800 2647 aequore
1820 2611 1950 2633 mersus

1277 2654 1331 2687 Ad
1352 2667 1507 2688 mensam
1527 2655 1625 2688 vivus
1644 2653 1864 2700 perducitur.
1880 2669 1893 2681 υ
