2044 3292
513 207 610 252 260

886 208 946 250 M.
977 208 1052 250 VA
1067 208 1115 250 L.
1157 208 1204 250 M
1219 207 1548 250 ARTIALIS

1071 357 1360 413 CLXJX.

1143 512 1289 539 {DEBI-

581 639 840 681 (nantinus
870 636 912 677 in
942 633 1038 678 laxo
1069 650 1147 677 (tur
1171 632 1356 677 annulus
1382 633 1488 677 orbe
1514 643 1715 694 vagatur,

647 705 787 750 Cedat
818 715 866 748 ut
897 705 1061 765 argutis
1092 704 1219 748 obvia
1245 704 1372 748 turba
1400 703 1589 747 trochis?

576 846 706 890 Τίπτε
727 845 859 906 κρίκος
880 846 1014 900 κύκλῳ
1036 843 1193 903 ψοφέων
1214 840 1519 904 περιρέμέεταις
1543 841 1619 904 ἆρα

645 905 731 966 (lg-e
759 921 917 975 τροχοῖς
940 915 1053 958 εἴκειν
1077 916 1195 974 ὄχλον
1216 915 1498 975 ἐπερχόμενον;

560 1051 591 1071 1.
613 1037 733 1071 Cat-rus
748 1050 813 1084 pro
833 1037 932 1072 Garr.
948 1036 1024 1070 cod.
1037 1037 1176 1070 Thuan.

556 1105 586 1124 2.
618 1091 734 1124 Turma
753 1092 832 1124 Vat.
856 1113 908 1116 —
932 1090 1034 1123 Cedat
1063 1098 1097 1122 ut
1124 1103 1178 1122 ar·

500 1146 596 1188 gatis.
613 1143 759 1177 'Finnitu
780 1144 892 1185 enim,
909 1142 953 1176 (le
975 1155 1047 1189 quo
1069 1143 1178 1176 locuti

1239 1049 1358 1070 sumus
1385 1037 1420 1069 in
1443 1037 1623 1083 superiore
1650 1036 1916 1082 epigrammate,

1239 1089 1476 1123 monebantur
1488 1089 1622 1135 pedarii
1636 1097 1861 1129 transeuntes,
1878 1097 1916 1121 ut

1240 1142 1306 1175 sibi
1331 1151 1506 1176 caverent.

1088 1258 1341 1316 CLXX.

910 1397 1137 1427 siownm
1178 1377 1512 1426 VICTORIAE.*

577 1505 682 1546 Hffic
710 1500 767 1544 illi
794 1502 884 1544 sine
907 1510 1024 1544 sorte
1047 1500 1195 1554 datur,
1222 1502 1291 1544 cui
1316 1501 1493 1544 nomina
1523 1500 1701 1542 Rhenus

643 1574 759 1615 Vera
786 1570 904 1614 dedit
932 1588 940 1613 ε
977 1570 1118 1614 decies
1142 1570 1252 1614 addc
1282 1570 1458 1614 Falerna
1475 1606 1485 1625 ,
1512 1586 1631 1630 puer.

574 1674 653 1727 ᾖδ’
680 1687 790 1738 αὐτῷ
821 1684 966 1742 κλήρου
993 1680 1087 1741 ἄτερ
1118 1681 1219 1736 ἦλθ’,
1245 1681 1275 1737 ᾦ
1300 1673 1425 1732 ῥῆνος
1451 1681 1594 1732 ἀληθὲς

643 1755 793 1813 Οὕνομ’
822 1747 915 1795 ἔδω·
947 1747 1132 1805 δεκάκις,
1162 1754 1283 1812 κῶρέ,
1314 1769 1381 1812 μοι
1407 1751 1589 1811 οἰνοχόει.

552 1873 604 1909 *S
622 1887 746 1908 aureum
759 1872 837 1907 cod.
848 1873 988 1906 Thuan.
1001 1872 1035 1905 S.
1051 1872 1173 1905 Victor.

503 1932 528 1963 l.
542 1943 570 1962 e.
582 1930 719 1974 signum
731 1926 910 1967 Victoriae,
923 1934 961 1958 ut
973 1937 1014 1959 ex
1025 1925 1177 1970 antiquis

504 1982 655 2015 nummis
676 1980 832 2025 intelligo
843 2005 852 2019 ‚
871 1987 943 2012 erat
958 1978 1055 2012 alatae
1070 1978 1178 2011 foemi-

507 2048 557 2068 11ae
577 2043 686 2068 statua
697 2060 705 2075 ‚
719 2032 841 2066 dextra
854 2032 991 2064 laurum
1007 2031 1156 2064 tenentis
1168 2057 1176 2072 ‚

503 2088 639 2121 sinistra
664 2087 838 2132 palmam3
867 2096 944 2130 quae
970 2083 1113 2129 quidem
1141 2083 1176 2115 in

505 2140 666 2173 omnibus
686 2140 759 2171 fere
781 2137 886 2183 signis
908 2136 1074 2170 Victoriae
1099 2148 1177 2181 spe-

505 2201 655 2226 ctantur.
670 2192 841 2225 Caeterum
854 2216 863 2230 ‚
885 2189 972 2222 sicut
988 2189 1080 2222 varia
1100 2196 1180 2221 sunt

507 2258 632 2290 genera
646 2244 889 2282 victoriarum,
906 2242 953 2275 ita
970 2242 1083 2274 varios
1096 2254 1181 2285 quo-

508 2312 575 2345 quc
597 2299 633 2330 in
659 2296 782 2330 modos
802 2294 921 2329 eadem
942 2302 992 2327 est
1010 2294 1155 2338 effigiata
1172 2319 1181 2334 ,

509 2363 602 2384 runc
620 2350 708 2396 bigis
732 2349 877 2389 vehens,
897 2359 992 2380 nuuc
1020 2347 1098 2379 navi
1127 2347 1180 2378 in·

508 2406 630 2437 sistens
643 2429 651 2444 ,
671 2415 763 2436 nunc
783 2402 951 2435 Caesarem
981 2411 1153 2433 coronans
1170 2424 1179 2439 ‚

509 2469 603 2490 nunc
623 2455 697 2489 aliis
716 2455 860 2500 aliisque
881 2452 996 2486 modis
1021 2453 1177 2497 figurata.

506 2510 659 2542 liuderus.

563 2574 593 2595 1.
612 2562 684 2594 Hoc
703 2560 788 2593 alios
807 2560 921 2604 legere
938 2566 1036 2591 notat
1054 2557 1176 2590 Schre-

504 2615 568 2648 vel.
582 2611 893 2647 —Hcec.Victoria
913 2611 1044 2645 scilicet
1061 2621 1175 2643 aurea.

1235 1893 1286 1898 -—
1304 1871 1378 1905 Sine
1396 1880 1488 1906 sorte.
1511 1872 1648 1906 Etenim
1669 1884 1750 1905 casu
1768 1879 1802 1904 et
1820 1881 1912 1905 sorte

1236 1938 1307 1958 non
1328 1924 1431 1959 datur
1447 1925 1586 1970 siguum
1606 1925 1773 1958 Victoriae
1793 1925 1913 1957 Domi-

1237 1978 1352 2018 tiano,
1383 1979 1444 2023 qui
1477 1978 1577 2011 toties
1600 1978 1737 2011 vicisset
1762 1977 1909 2011 hostem.

1238 2030 1331 2064 Vide
1347 2032 1456 2077 epigr.
1484 2043 1514 2072 1,
1530 2031 1591 2064 ubi
1610 2029 1654 2063 de
1671 2030 1812 2064 alternis
1833 2042 1912 2062 mu-

1238 2084 1331 2116 neris
1350 2084 1511 2117 sortibus.
1525 2103 1574 2110 —·
1586 2083 1719 2116 Rhenus.
1739 2083 1808 2116 Pro
1824 2082 1911 2116 Ger-

1240 2136 1373 2178 mania3
1393 2136 1440 2169 sic
1459 2136 1556 2168 Nilus
1575 2148 1639 2180 pro
1657 2137 1807 2180 AEgypto
1821 2160 1830 2176 ‚
1846 2148 1912 2179 pro

1240 2190 1480 2222 Romanorum
1495 2188 1631 2221 civitate
1645 2188 1775 2221 Tibris.

1296 2255 1328 2274 -ι,
1347 2242 1442 2273 l'eru.
1461 2242 1540 2274 Non
1559 2239 1748 2274 adulatoria
1761 2266 1770 2282 ,
1786 2240 1910 2273 merito

1241 2293 1331 2327 data.
1346 2293 1451 2335 Quod
1471 2306 1574 2339 quam
1591 2293 1714 2326 falsum
1734 2305 1836 2339 supra
1850 2291 1911 2326 ad-

1243 2346 1721 2380 111011uimus.-Deciesadde.
1737 2346 1805 2379 Tot
1819 2345 1911 2378 enim

1241 2399 1358 2444 cyathi
1372 2408 1451 2432 sunt
1465 2398 1669 2440 hauriendi,
1682 2407 1767 2444 quot
1781 2398 1912 2432 Germa-

1240 2456 1325 2484 nicus
1352 2452 1455 2485 habet
1489 2452 1603 2485 literas
1614 2477 1624 2492 ‚
1655 2451 1820 2484 nimirum
1848 2450 1909 2483 d'e·

1239 2516 1326 2537 cem.
1350 2506 1398 2538 De
1422 2505 1480 2537 illo
1496 2517 1592 2538 more
1610 2503 1754 2537 bibendi
1768 2515 1910 2549 quoque

1237 2556 1369 2590 dictum
1381 2557 1423 2590 ad
1435 2558 1494 2590 lib.
1506 2558 1540 2595 Ι,
1552 2569 1605 2603 ep.
1625 2555 1906 2590 rum—Adde.

1238 2610 1305 2642 Pro
1327 2611 1380 2643 (la.
1401 2609 1483 2643 Vid.
1505 2623 1628 2655 supra,
1644 2610 1704 2642 lib.
1723 2609 1773 2642 IX
1787 2632 1796 2648 ,
1816 2620 1905 2641 κου’.
