1901 3259
330 219 544 262 EPIGR
563 218 917 261 AMMATUM
957 217 1078 259 LIB.
1119 218 1254 259 XIV.

1399 233 1485 277 271

555 366 1021 425 CLXXXVII.

524 523 820 550 MENANDRI
860 503 1063 550 ΤΗΑΙε.’ι

159 651 268 693 HAEC
292 649 483 709 primum
504 647 717 706 juvenum
744 646 924 690 lascivos
950 646 1050 689 lusit
1072 662 1264 695 amores,

227 720 320 763 Nec
351 717 564 778 Glycere‚
585 733 686 760 vere
715 716 846 760 Thais
877 718 1016 760 amica
1042 716 1133 760 fuit.

160 845 246 900 1185.
271 858 450 903 νεηνιέων
478 854 662 914 πρωτίςη
689 851 845 903 ἔπαιζεν
875 856 1039 912 ἔρωτας·

229 929 281 969 K’
311 930 354 969 οὐ
382 927 581 984 Γλυκέρη,
608 927 759 981 μᾶλλον
787 921 887 974 Θαῒς
913 927 1085 984 ἐρωμένη
1113 924 1173 972 ἦν.

163 1063 180 1078 *
213 1064 385 1099 Menandri
418 1064 527 1096 Thais.
571 1061 765 1095 Menander

90 1127 191 1165 poeta
204 1117 370 1152 Comicus
383 1115 643 1155 celeberrimus,
656 1123 691 1148 et
702 1115 767 1148 Co-

89 1173 281 1213 micorum,
298 1169 405 1203 modo
422 1168 690 1214 Aristophanem
709 1181 766 1200 ex-

90 1225 218 1271 cipias,
245 1224 344 1258 facile
371 1223 546 1269 princeps.
566 1222 690 1266 Neque
709 1221 767 1253 hic

91 1278 360 1323 Aristophanem
398 1275 590 1322 pronuntio
620 1274 766 1307 Menan-

92 1330 157 1364 dro
178 1343 318 1377 parem,
343 1337 401 1363 aut
429 1330 597 1373 majorem
616 1339 701 1360 esse.
724 1326 764 1359 Id

92 1384 204 1417 solum
223 1382 415 1417 indicamus
440 1392 540 1427 posse
564 1388 766 1413 controver-

93 1438 177 1470 siam
211 1436 256 1469 de
289 1436 489 1470 excellentia
515 1442 548 1466 et
568 1433 768 1478 principatu

93 1490 184 1523 inter
220 1490 298 1522 illos
329 1489 422 1521 viros
466 1486 603 1520 institui
621 1500 630 1526 ;
659 1498 767 1530 quan-

93 1555 198 1588 quam
230 1550 346 1575 tamen
391 1539 596 1573 Plutarchus
634 1538 768 1571 Aristo-

92 1596 245 1641 phanem
265 1593 405 1640 probris
428 1593 546 1626 multis
565 1591 769 1636 insequatur

93 1656 128 1681 et
158 1646 392 1681 Menandrum
426 1646 532 1691 longe
564 1644 769 1677 antecellere

94 1709 275 1734 asseveret.
297 1700 412 1741 Quem
437 1698 581 1732 omnino
602 1704 768 1741 sequutus

94 1762 145 1787 est
163 1753 200 1786 in
219 1753 296 1786 viro
318 1750 522 1785 oestimando
541 1750 682 1782 Nostras
704 1750 768 1781 La-

95 1808 203 1852 harpe.
218 1806 289 1839 Nos
302 1805 515 1838 abstinemus
533 1815 550 1834 a
563 1801 768 1846 judicando,

96 1867 129 1892 et
150 1858 264 1892 adhuc
283 1859 348 1891 sub
367 1856 487 1902 judice
509 1855 605 1889 litem
630 1867 769 1887 manere

95 1913 268 1956 optimum
278 1919 455 1957 putamus,
464 1921 572 1955 quum
584 1907 769 1940 Menandri

96 1965 185 1998 nihil
203 1965 275 1997 fere
294 1965 364 2010 jam
376 1963 576 1997 habeamus.
597 1961 663 1994 En.

153 2030 183 2050 1.
200 2018 267 2050 Hic
282 2029 347 2062 pro
362 2017 444 2050 Hoec
456 2015 575 2048 Heins.
593 2014 667 2046 Hac
688 2012 767 2046 cod.

97 2071 178 2103 Bev.
195 2070 381 2103 Heinsiana
396 2068 498 2102 lectio
510 2065 654 2113 quidem
668 2078 769 2099 sensu

96 2135 168 2156 non
182 2123 298 2164 obest3
315 2134 397 2155 nam
411 2130 495 2155 tunc
512 2121 578 2153 Hic
592 2120 683 2152 foret
697 2119 769 2152 Me-

96 2174 288 2209 nander.—
299 2175 438 2207 Primum
457 2175 541 2207 lusit.
555 2173 653 2205 Inter
671 2180 770 2205 caete-

96 2241 150 2262 ras
159 2228 358 2261 meretrices
367 2227 531 2273 princeps
538 2225 645 2259 Thais
655 2237 769 2258 aman-

97 2289 148 2314 tes
167 2293 248 2314 suos
264 2279 391 2313 delusit
406 2291 414 2313 ε
429 2282 564 2324 primum
585 2279 677 2318 lusit,
697 2278 719 2310 i.
737 2290 766 2311 e.

97 2333 139 2366 τὰ
149 2338 280 2377 πρῶτοι,
298 2333 426 2377 primas
440 2332 476 2365 in
491 2341 563 2365 arte
574 2330 768 2365 meretricia

97 2385 251 2419 obtinuit
269 2385 393 2422 Thais,
421 2385 467 2417 ita
488 2393 528 2417 ut
551 2396 633 2417 vere
658 2396 769 2417 mere—

97 2439 165 2472 trix
187 2437 257 2471 dici
276 2446 469 2471 mereretur
485 2448 493 2470 :
515 2449 588 2470 non
606 2435 743 2482 γλυκερὰ
758 2461 767 2476 ,

98 2490 133 2524 id
161 2499 232 2532 est,
256 2490 427 2535 benigna,
451 2490 579 2530 comis,
600 2502 672 2522 non
695 2502 770 2522 mo-

98 2544 200 2584 lesta,
220 2556 291 2576 non
312 2555 455 2588 procax,
479 2541 539 2576 sed
558 2555 631 2574 vere
649 2544 770 2581 amica;

99 2596 167 2630 hoc
195 2605 266 2636 est,
298 2595 463 2629 meretrix
475 2621 484 2636 ‚
515 2606 590 2640 quae
621 2603 772 2627 amantes

101 2661 183 2682 suos
198 2648 315 2682 effudat
327 2673 337 2690 ,
353 2647 531 2688 excludat,
548 2656 705 2686 revocet,
722 2648 773 2679 in-

102 2701 270 2746 tercipiat.
285 2702 415 2734 Petitas.
431 2701 614 2733 -Verum
634 2700 769 2732 Grono-

827 1062 901 1095 vius
925 1074 966 1096 eo
986 1061 1096 1095 modo
1116 1064 1259 1108 exponit
1277 1076 1285 1097 z
1308 1066 1401 1106 ch,
1427 1069 1498 1101 scil.

825 1127 897 1147 non
927 1127 1010 1148 vera
1031 1116 1217 1155 meretrix,
1241 1129 1305 1150 nec
1329 1118 1399 1151 sola
1421 1133 1499 1165 per-

825 1180 910 1200 sona
924 1169 1058 1202 comica
1075 1168 1248 1210 Thaidos;
1262 1169 1323 1203 sed
1337 1172 1412 1213 illa,
1425 1185 1501 1218 qnae

825 1221 861 1253 in
896 1221 1057 1254 lemmate
1090 1221 1267 1267 designata
1297 1233 1363 1265 est,
1403 1226 1434 1258 T
1433 1228 1500 1259 luzis

826 1273 1014 1315 Menandri,
1035 1287 1096 1308 seu
1121 1283 1193 1308 tota
1217 1276 1351 1318 fabula,
1370 1278 1498 1320 Tuus,

825 1326 991 1372 inscripta
1013 1339 1020 1360 :
1044 1336 1083 1361 ut
1105 1327 1235 1362 Andria
1263 1330 1430 1365 Terentii.
1452 1333 1499 1365 Ea

825 1379 934 1424 igitur
958 1381 1074 1421 Thais,
1100 1381 1287 1415 Menandri
1312 1384 1427 1417 fabula
1447 1398 1501 1419 ce-

825 1433 1009 1466 leberrima
1022 1460 1030 1474 ,
1057 1437 1192 1477 primum
1223 1436 1353 1469 lascivos
1382 1451 1501 1472 amores

820 1487 967 1528 juvenum
989 1487 1083 1527 lusit,
1107 1488 1174 1520 hoc
1196 1497 1264 1527 est,
1288 1490 1444 1534 primum
1466 1493 1500 1524 in

827 1550 928 1571 scena
942 1539 1116 1578 exhihuit,
1133 1549 1166 1573 et
1182 1543 1361 1575 materiam
1378 1556 1504 1577 comoe-

828 1589 893 1624 diae
925 1591 1006 1625 fecit
1031 1602 1204 1626 amantem
1232 1593 1499 1630 adolescentem.

826 1644 1007 1689 Significat
1035 1645 1152 1690 itaque
1182 1647 1415 1682 Menandrum
1443 1663 1502 1683 au—

827 1704 959 1729 ctorem
973 1709 1046 1731 esse
1061 1710 1159 1731 novae
1174 1700 1364 1734 Comoediae
1375 1703 1503 1737 aThai-

828 1748 871 1782 de
884 1751 1114 1794 auspicatum.
1126 1751 1204 1784 Jam
1219 1753 1313 1797 quod
1326 1755 1499 1800 sequitur:

829 1802 896 1834 Nec
915 1801 1063 1848 Glycere,
1083 1803 1142 1836 sed
1161 1817 1234 1837 vere
1255 1807 1366 1847 Thais,
1385 1817 1450 1842 etc.
1465 1808 1500 1842 Si

827 1867 931 1900 roges
946 1855 1073 1888 iterum
1083 1881 1092 1896 ‚
1114 1869 1190 1901 quae
1211 1858 1343 1892 Thais?
1358 1872 1502 1906 respon-

829 1906 920 1941 debo
942 1920 1012 1941 non
1036 1909 1193 1954 profecto
1212 1911 1298 1952 alia,
1318 1925 1423 1957 quam
1445 1915 1499 1948 illa

829 1961 903 2005 ipsa
925 1960 1114 2003 comoedia;
1138 1965 1234 2008 cujus
1254 1972 1348 1998 tanta
1369 1967 1498 2007 virtus,

829 2025 882 2046 ars
901 2022 994 2046 tanta
1008 2039 1017 2054 ‚
1034 2022 1129 2047 tauta
1145 2017 1308 2059 suavitas,
1328 2027 1366 2052 ut
1386 2019 1501 2054 dicere

828 2066 937 2111 possis
948 2091 958 2108 ‚
972 2067 1040 2100 hoc
1053 2068 1381 2104 excellentissimum
1397 2085 1485 2119 opus
1495 2101 1503 2115 ‚

827 2131 910 2152 vere
924 2119 1028 2153 fuisse
1046 2122 1190 2154 amicam
1207 2132 1334 2167 poetae,
1352 2124 1419 2159 hoc
1433 2136 1498 2166 est,

828 2180 948 2205 noctes
964 2171 1106 2218 diesque
1123 2175 1165 2207 ab
1185 2187 1225 2208 eo
1239 2177 1366 2209 cultam
1377 2203 1386 2219 ‚
1402 2192 1501 2213 cura—

827 2233 896 2258 tam
910 2251 919 2266 ,
934 2235 1136 2260 exornatam
1153 2239 1162 2260 :
1181 2227 1335 2274 denique
1349 2232 1501 2265 animam

829 2286 863 2310 et
879 2277 1020 2312 delicias
1041 2279 1145 2314 fuisse
1163 2281 1255 2314 illius
1272 2283 1412 2326 unicas;
1429 2298 1501 2319 non

827 2331 923 2363 illam
951 2331 1146 2377 GIyoeren,
1174 2347 1250 2380 quae
1284 2343 1351 2368 tam
1379 2346 1502 2382 potens

829 2384 935 2417 fuisse
955 2385 1079 2419 fertur.

885 2450 918 2470 2.
939 2437 977 2469 V
973 2451 1055 2470 erum
1073 2447 1105 2470 et
1119 2451 1184 2484 pro
1203 2453 1276 2471 vere
1293 2439 1340 2473 id.
1361 2441 1433 2475 MS.
1452 2466 1501 2470 —

832 2489 898 2522 Nec
911 2489 1057 2534 Glycere,
1074 2499 1137 2524 etc.
1151 2492 1301 2536 Glycere
1311 2494 1419 2527 amica
1432 2507 1503 2531 erat

830 2542 1040 2584 Menandri,
1056 2542 1114 2577 sed
1129 2543 1308 2577 comoediis
1320 2547 1390 2579 suis
1402 2547 1501 2582 fami·

831 2595 962 2628 liariter
979 2595 1197 2637 introducta,
1217 2597 1323 2631 Thais
1345 2599 1432 2633 facta
1452 2612 1502 2635 est

831 2648 1015 2681 celebriori
1045 2649 1203 2682 nomine.
1233 2650 1337 2691 Quod
1364 2657 1503 2697 exponit

832 2701 989 2733 Turneb.
1009 2701 1066 2733 lib.
1090 2702 1139 2733 IX
1159 2701 1246 2735 Adv.
1267 2715 1338 2748 cap.
1367 2710 1422 2743 24.
