1901 3259
305 207 887 253 EPIGRAMMATUM
926 205 1051 248 LIB.
1091 203 1238 246 XIII.

646 361 887 419 CXIII.

602 515 943 545 FUNDANUM.

138 640 248 683 HAEC
277 639 485 683 Fundana
513 638 612 683 tulit
637 638 737 683 felix
761 648 996 681 autumnus
1019 636 1189 697 Opimi3

206 711 429 770 Expressit
455 719 648 753 mustum
674 707 848 763 consul,
875 718 916 751 et
943 709 1034 768 ipse
1062 706 1183 750 bibit.

125 844 138 865 1
150 858 157 864 .
175 831 346 866 Fundana.
358 831 451 864 Vina
468 832 598 865 scilicet
617 844 635 864 a
651 831 742 864 Fun—

68 883 120 917 dis
160 883 292 930 oppido
323 885 521 930 Campaniae
555 884 604 917 sic
635 883 739 917 dicta.

66 935 201 970 Plinius
221 937 282 970 lib.
304 937 405 978 XIV,
430 950 505 983 cap.
529 940 548 971 6
565 949 572 970 :
592 955 604 967 «
627 938 668 970 In
688 937 740 969 vi-

66 989 142 1023 neis
169 990 389 1035 arbustisque
423 998 614 1023 nascuntur
644 990 671 1022 F
676 1002 740 1022 un-

67 1040 167 1075 dana.
190 1043 370 1076 »-Felix
399 1051 576 1077 autumnus.
606 1042 740 1075 Plinius

66 1094 223 1140 ejusdem
246 1096 306 1129 lib.
330 1108 403 1142 cap.
431 1101 486 1136 14.
511 1114 524 1125 a
544 1096 741 1142 Apothecas

67 1148 173 1181 fuisse
196 1157 231 1183 et
260 1148 415 1182 diffundi
443 1149 544 1183 solita
567 1149 648 1183 vina
680 1161 741 1182 an-

66 1213 112 1234 no
135 1202 208 1235 633
230 1202 337 1235 Urbis
356 1211 500 1248 apparet
515 1228 524 1244 ‚
543 1202 741 1236 indubitato

70 1253 251 1299 Opimiani
270 1255 343 1288 vini
359 1264 567 1301 argumento
579 1279 589 1295 ,
605 1257 675 1301 jam
692 1256 744 1288 in-

73 1307 251 1353 telligente
284 1321 386 1341 suum
422 1309 556 1342 bonum
591 1308 737 1342 Italia.»

69 1359 153 1393 Vid.
169 1359 212 1393 ad
228 1361 287 1394 lib.
303 1362 320 1394 I
333 1389 341 1402 ,
357 1374 411 1407 ep.
427 1374 525 1395 xxvn
536 1388 545 1404 ‚
561 1374 598 1407 7:
620 1362 743 1395 «Testa

801 829 861 863 sed
879 830 1011 874 antiqui
1034 829 1117 862 felix
1136 828 1284 861 siccatur
1305 825 1435 871 Opimi.
1462 844 1473 855 n

858 896 889 915 2.
910 883 966 916 Sic
982 881 1057 914 MS.
1080 881 1215 914 Beverl.
1233 880 1372 913 Mulsum
1395 878 1476 912 edd.

801 944 884 969 vett.
900 956 950 962 »-
967 936 1133 980 E.1p1-e§sic
1152 934 1294 966 mulsum.
1307 933 1383 966 Hoc
1405 941 1454 965 est
1469 958 1478 973 ‚

801 988 922 1021 vinum
951 987 1037 1021 adeo
1066 986 1168 1020 dulce
1198 987 1357 1031 beneque
1391 985 1477 1018 effe-

801 1051 894 1075 ctum
906 1067 915 1082 ‚
938 1050 976 1074 ut
997 1041 1109 1074 mulso
1124 1052 1196 1072 non
1214 1046 1301 1072 esset
1317 1038 1474 1071 inferius.

801 1094 909 1136 Quod
924 1095 950 1127 si
967 1095 1057 1139 legas
1071 1100 1216 1132 mustum,
1233 1093 1354 1124 vinum
1370 1090 1475 1124 deco-

802 1156 897 1181 ctum
909 1156 943 1181 et
956 1146 1143 1187 diffusum,
1157 1146 1211 1178 vel
1225 1146 1347 1178 vinum
1360 1156 1480 1177 recens

801 1201 1095 1246 intellige—Ipse
1109 1199 1196 1231 bibit.
1209 1199 1300 1232 Laus
1318 1198 1391 1230 vini
1412 1205 1479 1237 est,

804 1253 900 1299 quod
919 1267 960 1287 eo
978 1265 1072 1286 anno
1092 1265 1163 1298 quo
1186 1263 1384 1297 expressum
1400 1276 1408 1293 ‚
1430 1262 1481 1282 es-

804 1316 855 1341 set
870 1309 939 1352 jam
960 1306 1117 1340 mulsum
1133 1318 1140 1338 :
1157 1305 1224 1339 hoc
1245 1313 1310 1346 est,
1326 1304 1481 1337 mulsum

805 1359 999 1394 videretur.
1020 1359 1208 1393 Domitius.

657 1499 890 1556 CXIV.

594 1653 955 1681 TRIFOLINUM.

138 1761 246 1805 NON
270 1777 365 1803 sum
395 1760 448 1804 de
471 1762 613 1821 primo
629 1796 640 1815 ‚
664 1761 825 1814 fateor,
847 1759 1055 1803 Trifolina
1083 1761 1235 1819 Lyaem

208 1833 329 1874 Inter
359 1832 458 1874 vina
490 1840 635 1874 tamen
665 1832 849 1891 septima
879 1831 975 1873 vitis
1006 1846 1092 1873 ero.

140 1960 188 2001 Ei
215 1961 282 2029 '5122
308 1963 361 2019 μὴ
390 1962 550 2019 πρώτου
576 1960 734 2019 Βάκχου
762 1962 993 2018 Τριφολῖνος
1020 1958 1216 2016 ἐτύχθην,

208 2033 354 2089 Εμπτ,ς
382 2036 459 2073 τῶν
485 2030 596 2073 οἴνων
624 2025 798 2088 ἕῧδομός
824 2030 902 2089 εἰμι
931 2031 1091 2089 βότρυς.

128 2172 158 2192 1.
186 2160 356 2202 Trifolina.
379 2159 532 2200 Plinius,
554 2160 616 2192 lib.
645 2161 745 2199 XIV,

72 2225 148 2257 cap.
167 2214 187 2245 6
202 2225 233 2246 εκ
247 2212 437 2258 Campania
454 2225 570 2258 nuper
584 2213 746 2246 excitavit

71 2265 170 2298 novis
184 2265 386 2298 nominibus
403 2266 657 2307 auctoritatem,
675 2267 746 2299 sive

72 2330 176 2357 cura,
211 2319 282 2352 sive
314 2330 414 2360 casu,
445 2317 488 2352 ad
525 2327 687 2364 quartum
727 2332 744 2351 a

71 2370 218 2417 Neapoli
236 2370 388 2416 lapidem
406 2371 627 2413 Trebellicis,
647 2374 744 2418 juxta

72 2424 228 2468 Capuam
255 2424 430 2463 Caulinis,
455 2433 489 2458 et
510 2425 547 2457 in
574 2438 637 2458 suo
665 2437 745 2470 agro

72 2476 295 2518 Trebulanis,
309 2477 439 2522 alioqui
451 2490 586 2523 semper
598 2478 745 2523 plebeia,

73 2537 106 2562 et
139 2529 320 2562 Trifolinis
350 2530 504 2574 gloriata.
520 2548 532 2559 u
563 2552 614 2557 —-
636 2532 743 2567 Lraeo.

73 2582 195 2626 Lyaeus
231 2594 426 2627 cognomen
457 2592 506 2616 est
532 2573 662 2617 Bacchi
685 2585 744 2629 qui

73 2634 130 2668 hic
149 2647 214 2680 pro
236 2635 317 2668 vino
338 2635 497 2669 sumitur.
594 2633 598 2636 ⁴

864 2173 896 2192 2.
923 2159 1007 2191 Vitis
1030 2172 1091 2190 ero.
1120 2158 1242 2190 Monet
1266 2156 1483 2190 §chrm-elim

807 2212 1002 2245 Palatinum
1021 2212 1134 2257 legere
1155 2211 1248 2243 lautis
1267 2223 1330 2243 ero.
1351 2209 1479 2243 Contra

806 2265 1012 2312 rhythmum
1033 2273 1066 2298 et
1087 2264 1305 2297 latinitatem.
1320 2262 1481 2306 —Septi-

806 2332 866 2352 ma.
891 2318 1002 2363 Supra
1018 2331 1076 2351 sex
1094 2318 1167 2350 vini
1188 2316 1319 2362 species
1340 2327 1481 2348 enume—

805 2372 895 2404 ravit
907 2372 1012 2404 Poeta
1025 2384 1032 2404 :
1045 2373 1114 2416 jam
1125 2369 1298 2403 Trifolino
1312 2367 1370 2401 dat
1381 2367 1482 2412 septi-

806 2437 902 2457 mum
922 2425 1050 2457 locum.
1068 2425 1112 2457 Et
1129 2423 1197 2456 hoc
1218 2422 1369 2456 Galenus
1388 2419 1481 2465 apud

806 2477 1026 2518 Athenaeum,
1040 2478 1068 2518 I,
1085 2489 1112 2510 c.
1136 2489 1153 2508 2
1163 2480 1196 2515 ,4,
1208 2475 1268 2520 qui
1278 2471 1374 2507 hune
1388 2472 1481 2506 ordi-

806 2536 884 2564 nem
902 2531 1049 2575 assignat
1062 2542 1069 2562 ;
1083 2529 1280 2568 Falernum,
1292 2527 1480 2565 Albanum,

806 2583 1054 2617 Surrentinum
1071 2608 1079 2623 ‚
1101 2581 1320 2625 Rheginum,
1344 2579 1480 2612 Priver-

807 2649 882 2671 nas.
899 2637 1141 2678 Formianum,
1156 2633 1236 2667 dein
1254 2632 1480 2666 Trifolinum.
