2044 3292
517 179 580 225 28
902 182 964 226 M.
990 184 1133 228 VAL.
1174 185 1571 229 MARTIALIS

656 269 778 313 Inter
801 269 1034 316 adorantes
1055 289 1191 334 quum
1216 274 1336 318 stetit
1359 276 1673 335 Hermogenes.
1909 302 1940 319 20

586 339 655 383 Ad
678 356 848 385 coenam
870 343 1170 406 Hermogenes
1191 361 1398 406 mappam
1419 361 1510 389 non
1530 343 1676 389 attulit
1698 358 1913 404 unquam:

660 412 695 454 A
720 427 845 456 coena
870 429 1043 476 semper
1067 414 1214 459 retulit
1238 418 1551 478 Hermogenes.

517 540 567 566 tes
586 532 837 579 interpretare,
852 547 1005 580 quorum
1028 544 1140 570 vestes
1157 549 1199 570 ex
1259 537 1374 583 Supra
1385 564 1394 579 ‚
1410 551 1459 571 vs.
1474 550 1488 571 1
1502 550 1532 571 1.
1545 538 1597 571 De
1613 549 1653 571 eo
1668 549 1751 583 ergo
1773 536 1852 582 quis
1870 548 1942 569 non

516 585 590 619 lino
609 587 775 621 confectae
789 587 1047 622 candidissimae
1074 598 1199 623 erant:
1260 591 1402 636 gallicos
1431 602 1552 625 versus
1574 591 1630 624 vel
1654 589 1866 637 imprudens
1892 589 1942 623 ef-

520 638 598 672 illos
620 641 779 672 sistratam
807 641 931 674 turbam
955 651 1077 682 vocat,
1104 641 1201 688 quod
1261 643 1380 678 ferat?

520 699 619 725 S1stra
630 705 691 725 seu
702 694 918 739 crepitacula
934 702 1138 740 quaterent,
1149 708 1201 730 sa·
1261 711 1287 737 ιι
1301 711 1345 737 ent
1356 711 1391 736 du
1405 711 1528 736 humi„
1542 711 1659 745 emp-‚ree
1672 710 1709 735 12³
1720 712 1872 740 serviem,

520 756 579 778 cra
597 758 656 779 sua
675 746 902 781 celebrantes.
1262 759 1354 784 Plutsst
1369 768 1420 793 que
1434 760 1466 783 de
1476 765 1577 784 rentrer
1592 767 1624 782 au
1634 758 1698 791 logis
1709 757 1746 782 les
1757 758 1838 782 maius
1849 763 1941 782 nettcs.

578 811 594 831 2
606 810 619 831 Ι
628 825 635 832 .
654 799 715 833 Ad
735 813 853 832 coelzam
877 800 1094 846 Hermogenes
1107 829 1115 843 ‚
1134 810 1201 836 etc,
1354 805 1464 831 Racnnz
1473 824 1479 835 .
1494 806 1541 830 Les
1550 804 1677 830 Plaideurs
1686 824 1692 834 ,
1710 810 1763 829 acte
1776 805 1788 829 1
1798 823 1804 835 ,
1818 803 1894 829 set-ne
1907 813 1942 828 ιν.

1128 925 1340 982 XXX.

1054 1050 1122 1105 {D
1160 1076 1375 1106 APRUM.
1398 1054 1418 1073 ⁴*

659 1198 847 1255 SICCUS‚
868 1200 1039 1245 sobrius
1064 1210 1131 1245 est
1150 1202 1269 1262 Aper
1291 1218 1300 1244 :
1322 1198 1427 1261 quid
1449 1199 1505 1243 ad
1528 1198 1624 1244 me?

662 1270 850 1314 Servum
872 1271 931 1315 sic
952 1287 1035 1333 ego
1056 1271 1209 1328 laudo,
1232 1288 1322 1315 non
1344 1272 1548 1315 amicum.

578 1386 594 1400 *
611 1389 652 1422 In
668 1390 794 1435 Aprum
812 1389 925 1425 edidit
943 1392 1046 1426 Barb.
1262 1392 1364 1426 rierit
1382 1393 1438 1438 jus
1455 1407 1486 1426 n.
1500 1391 1624 1425 Horat.
1645 1390 1726 1425 Lib.
1747 1391 1764 1423 Ι
1779 1417 1787 1434 ,
1804 1398 1866 1424 sat.
1888 1402 1949 1424 111.

585 1453 598 1474 1
614 1441 734 1477 Siccus.
756 1444 837 1477 Non
859 1444 1025 1488 vinosus,
1052 1458 1124 1479 non
1150 1453 1203 1479 te·
1264 1447 1331 1479 En.
1350 1464 1402 1471 —
1417 1445 1494 1479 Non
1522 1446 1668 1477 amicum.
1696 1444 1813 1485 Quem
1842 1443 1950 1489 genio

525 1494 707 1529 mulentiae
719 1497 904 1531 obnoxius.
1265 1511 1330 1532 suo
1359 1497 1544 1544 indulgere
1568 1498 1672 1540 volo,
1701 1505 1736 1531 et
1765 1497 1823 1530 cui
1846 1497 1949 1531 facile

581 1561 614 1582 2.
635 1549 775 1584 Servum.
801 1550 910 1595 Cujus
935 1563 975 1584 ea
995 1563 1120 1597 magna
1141 1551 1205 1585 dos
1264 1553 1404 1586 veniam
1423 1550 1488 1593 do,
1505 1550 1639 1584 etiamsi
1658 1551 1739 1584 vino
1760 1550 1950 1584 famulatus

524 1609 563 1634 ut
576 1615 759 1648 nunquam
779 1604 912 1638 catinos
927 1617 947 1638 e
960 1606 1206 1648 mensa-ferens
1272 1623 1285 1635 α
1297 1605 1461 1638 miseram
1471 1604 1615 1638 vinosus
1626 1604 1780 1638 inebriet
1790 1616 1910 1638 aurem
1918 1620 1930 1632 ν
1942 1630 1948 1637 .

529 1671 542 1684 u
562 1654 719 1690 Semesos
739 1656 852 1702 pisces
869 1656 1101 1704 tepidumque
1119 1658 1206 1704 ligu-
1265 1659 1285 1691 J
1290 1670 1393 1691 uven.
1418 1658 1491 1692 Sat.
1514 1657 1567 1690 IX
1579 1683 1589 1699 ‚
1611 1670 1626 1690 1
1638 1658 1697 1691 13.

748 1939 816 1967 DE
854 1938 1067 1968 HORTIS
1105 1938 1422 1968 MARCELLAE
1461 1918 1739 1967 UXORIS*

595 2062 697 2105 Hoc
717 2077 895 2117 nemus,
915 2061 962 2104 hi
982 2061 1145 2117 fontes,
1169 2061 1261 2105 haec
1283 2059 1441 2104 textilis
1463 2059 1620 2103 umbra
1642 2060 1787 2120 supini

664 2131 879 2188 palmitis,
903 2132 991 2176 hoc
1016 2133 1153 2193 riguae
1180 2130 1343 2176 ductile
1372 2130 1537 2175 flumen
1562 2147 1715 2192 aquae;

595 2250 719 2293 Τοῦτ’
746 2247 888 2305 ἄλσος,
914 2250 1055 2311 κρῆναί
1082 2267 1150 2304 τε,
1176 2249 1243 2292 καὶ
1264 2243 1466 2309 ἡμερίδων
1496 2243 1587 2292 τόδ’
1611 2250 1779 2309 ὕφασμα

665 2320 857 2375 Εὕσκιον,
886 2323 911 2368 ἥ
936 2322 975 2363 τ’
1001 2322 1126 2368 ἐλατῆ
1159 2322 1301 2380 ῥύακος
1327 2314 1531 2380 ὑδροχόη,

580 2445 596 2459 *
617 2446 734 2480 Uxoris
753 2447 887 2481 omittit
904 2446 960 2481 ed.
981 2447 1125 2481 Bar-hou.
1322 2460 1356 2481 2.
1374 2446 1505 2479 Ductile
1524 2446 1659 2491 flumen.
1696 2444 1863 2478 Rivulum
1894 2443 1947 2477 in-

588 2512 618 2533 1.
651 2500 785 2533 Textilis
808 2501 929 2534 umbra.
955 2501 1104 2546 Propter
1131 2500 1204 2546 pal·
1266 2499 1381 2545 tellige
1408 2500 1452 2532 ab
1477 2499 1596 2544 aliquo
1618 2498 1734 2532 vicino
1757 2498 1855 2531 fonte
1879 2495 1947 2530 du-

528 2552 630 2586 mites
644 2565 725 2587 cum
740 2553 832 2589 foliis
850 2563 954 2601 atque
971 2554 1137 2588 arborum
1154 2566 1203 2587 ra·
1265 2561 1362 2587 ctum
1382 2553 1418 2586 in
1436 2552 1558 2586 hortos
1571 2552 1764 2591 Marcellae,
1783 2551 1837 2585 vel
1856 2550 1947 2584 forte

528 2606 594 2640 mis
614 2615 806 2642 contextos.
1265 2605 1522 2652 aquaeductum.
