1901 3259
336 229 920 274 EPIGRAMMATUM
958 229 1084 271 LIB.
1113 229 1229 271 XII.

1424 243 1482 289 77

621 383 942 438 LXXXV.

548 539 616 566 AD
656 538 1021 567 POLYTIMURL

149 662 419 707 NOLUERAM
436 698 447 717 ,
475 662 686 723 Polytime
703 699 714 718 ,
737 673 834 707 tuos
856 663 1017 706 violare
1040 662 1238 724 capillos;

217 733 302 776 Sed
323 734 448 793 juvat
474 733 558 777 hoc
589 733 789 794 precibus
816 750 885 777 ine
910 733 1110 778 tribuisse
1134 735 1231 778 tuis.

145 802 259 847 Talis
290 820 384 847 eras
414 803 546 847 modo
575 813 698 848 tonse
724 803 899 864 Pelops,
928 805 1163 865 positisque
1194 804 1360 849 nitebas

216 874 444 926 Crinibus,
475 883 523 918 ut
554 883 695 918 totum
728 891 885 935 sponsa
914 874 1081 919 videret
1108 875 1228 918 ebur.

132 1022 163 1044 1.
187 1011 328 1044 Violare.
345 1011 452 1052 Quasi
474 1009 606 1044 nefarie
625 1009 683 1042 ille
698 1022 752 1043 ac-

76 1071 173 1096 turus
191 1072 278 1097 esset
299 1063 359 1109 qui
383 1076 439 1097 eos
462 1064 554 1096 ferro
572 1061 748 1096 rescinde-

75 1123 137 1149 ret.
160 1116 282 1161 Neque
306 1115 399 1149 enim
419 1129 498 1161 pars
521 1116 609 1157 ulla,
629 1114 749 1157 credo,

74 1167 346 1213 pulchritudinis
365 1170 472 1214 magis
490 1169 525 1201 in
549 1169 750 1213 pretio'fuit

74 1223 209 1262 Romae,
227 1221 310 1255 item
327 1223 363 1254 in
381 1222 511 1256 Graecia
525 1248 533 1263 ,
550 1220 647 1267 apud
666 1220 751 1254 deli-

74 1283 166 1307 catos
189 1274 282 1307 viros
306 1287 408 1320 quam
434 1274 597 1308 caesaries.
627 1274 749 1319 Neque

74 1339 218 1373 usquam
238 1328 395 1372 gentium
414 1331 529 1374 plures
548 1327 750 1360 cincinnan-

73 1378 127 1421 di,
146 1379 345 1420 colorandi,
369 1379 570 1414 exstruendi
590 1380 748 1425 capillitii

72 1431 182 1466 modi.
209 1433 349 1466 Confer.
370 1434 474 1480 Apul.
500 1434 535 1467 in
566 1433 664 1466 Asin.
686 1433 749 1470 lib.

72 1486 108 1518 II
118 1511 127 1524 ‚
140 1485 333 1531 elegantior
351 1485 539 1533 descriptio
555 1486 598 1519 de
612 1486 750 1530 capilla-

72 1539 178 1571 menti
199 1547 403 1573 venustate:
427 1555 440 1567 «
459 1541 504 1572 At
526 1551 610 1573 vero
637 1537 749 1584 (quod

71 1591 166 1625 nefas
194 1590 327 1633 dicere,
353 1605 471 1638 neque
495 1592 538 1625 sit
566 1592 672 1637 hujus
696 1592 747 1624 rei

72 1644 183 1676 ullum
216 1653 284 1677 tam
307 1643 424 1678 (lirum
456 1638 697 1690 exemplum),
719 1644 746 1676 si

72 1697 205 1730 eximiae
234 1698 372 1731 feminae
398 1707 501 1743 caput
527 1698 655 1743 capillo
681 1709 748 1729 nu-

71 1749 205 1783 daveris
225 1758 258 1783 et
271 1751 394 1784 faciem
409 1752 525 1784 nativa
542 1751 655 1796 specie
672 1762 748 1795 spo-

72 1802 224 1844 liaveris,
238 1803 318 1837 licet
330 1803 388 1837 illa
400 1804 482 1837 caelo
496 1802 646 1848 dejecta,
661 1802 745 1836 mari

809 1009 921 1050 edita,
945 1009 1112 1044 fluctibus
1138 1011 1299 1052 educata,
1326 1012 1407 1045 licet
1434 1014 1485 1046 in-

808 1075 913 1107 quam
924 1088 933 1103 ‚
942 1063 1063 1096 Venus
1079 1064 1150 1109 ipsa
1161 1064 1268 1098 fuerit
1277 1091 1287 1106 ‚
1298 1065 1378 1098 licet
1388 1067 1484 1098 omni

809 1115 1013 1148 Gratiarum
1026 1115 1135 1149 choro
1149 1117 1275 1162 stipata
1291 1126 1325 1151 et
1338 1126 1411 1151 toto
1420 1118 1487 1152 Cu-

809 1167 971 1212 pidinum
985 1170 1119 1214 populo
1131 1169 1292 1204 comitata
1302 1197 1310 1211 ,
1324 1179 1357 1203 et
1371 1171 1486 1204 balteo

809 1221 983 1254 succincta
993 1247 1002 1263 ,
1016 1222 1176 1255 cinnama
1192 1224 1348 1268 fragrans
1364 1232 1398 1257 et
1411 1224 1485 1257 bal-

808 1286 899 1306 sama
923 1286 1067 1316 rorans,
1086 1275 1113 1308 si
1142 1276 1237 1309 calva
1258 1277 1486 1321 processerit,

807 1327 944 1371 placere
981 1339 1057 1360 non
1087 1329 1217 1373 poterit
1244 1341 1309 1362 nec
1326 1329 1486 1363 Vulcano

807 1392 890 1419 suo,
913 1388 977 1413 etc.
1000 1398 1012 1409 »
1039 1380 1106 1414 En.

864 1445 896 1465 2.
912 1432 1084 1478 Sedjm'at.
1101 1434 1228 1468 Tonsis
1241 1434 1335 1467 enim
1351 1435 1485 1480 capillis

807 1485 913 1518 lactea
933 1494 990 1518 tua
1008 1486 1094 1519 colla
1112 1486 1180 1532 jam
1198 1496 1368 1532 apparent
1381 1514 1389 1530 ‚
1410 1501 1486 1534 quae

808 1538 916 1570 comis
935 1539 1150 1583 tegebantur.

861 1591 893 1624 3.
910 1591 1037 1636 Pelops.
1057 1592 1124 1625 Cui
1139 1593 1307 1626 humerus
1323 1606 1340 1626 a
1358 1594 1485 1628 Cerere

807 1642 1013 1689 decerpt11S‚
1045 1645 1131 1678 alter
1164 1646 1339 1679 eburneus
1369 1659 1388 1680 a
1418 1646 1485 1680 diis

807 1697 989 1729 restitutus
1011 1705 1082 1739 est,
1100 1710 1205 1743 quem
1225 1707 1339 1732 totum
1366 1699 1485 1733 videre

807 1757 946 1794 poterat
981 1750 1240 1796 Hippodamia,
1275 1753 1350 1797 ejus
1384 1765 1483 1785 uxor.

808 1802 897 1842 Quae
915 1802 1060 1836 historia
1079 1804 1160 1838 satis
1179 1812 1271 1838 nota.

605 1939 952 1996 LXXXVL

559 2096 615 2124 IN
667 2094 990 2124 FABULLUM.

280 2222 606 2265 Pffinlcomssus
632 2236 680 2263 os
705 2218 822 2263 olere
848 2218 969 2263 dicis.

281 2292 378 2335 Hoc
408 2292 468 2347 si,
495 2292 606 2335 sicut
632 2291 719 2344 ais,
750 2288 952 2345 Fabulle,
971 2305 1123 2333 verum
1150 2300 1237 2345 est,

282 2361 401 2418 Quid
432 2371 480 2405 tu
505 2362 644 2406 credis
674 2360 791 2405 olere
813 2359 1102 2421 cunnilingis?

128 2504 158 2526 1.
180 2492 285 2526 Olere.
306 2493 397 2527 Male
415 2507 560 2541 nempe,
585 2495 743 2541 quamvis

72 2553 105 2577 et
123 2544 213 2577 bene
224 2545 413 2591 aliquando
432 2548 602 2593 significet
621 2560 744 2594 anceps

71 2598 292 2631 vocabulum.
312 2599 431 2633 Horat.
454 2599 525 2634 Sat.
543 2601 578 2639 Ι,
601 2614 651 2642 11,
675 2613 718 2645 27
735 2612 744 2633 :

803 2494 979 2527 hircum.»
998 2494 1086 2527 Item
1109 2494 1278 2527 Martialis
1294 2506 1302 2528 ε
1322 2496 1482 2539 «Rutilias,

805 2547 833 2580 is
850 2547 941 2579 male
958 2546 1028 2579 olet
1044 2547 1103 2591 qui
1120 2547 1211 2579 bene
1221 2559 1359 2593 semper
1372 2550 1476 2584 olet...

862 2599 894 2632 3.
909 2599 1000 2642 Ouid
1011 2606 1055 2631 tu.
1068 2600 1176 2632 Notat
1189 2599 1375 2634 Fabullum
1385 2605 1480 2649 turpi

76 2649 256 2684 «Pastillos
274 2652 426 2686 Rufillus
441 2653 530 2694 olet,
546 2653 748 2697 Gorgonius
807 2652 908 2685 vitio.
924 2650 1019 2685 Vide
1034 2652 1097 2684 lib.
1112 2652 1166 2694 II,
1185 2652 1292 2697 epigr.
1308 2666 1400 2688 xxn.
