2044 3292
499 212 558 256 72

865 195 927 237 M.
953 195 1097 238 VAL.
1137 193 1529 238 MARTIALIS

704 282 867 326 AEthon
891 283 935 325 in
960 280 1179 342 Capitolio
1204 280 1393 342 pepedit.

703 353 910 396 Riserunt
933 353 1114 397 comites
1136 369 1144 395 ε
1168 352 1243 396 sed
1262 353 1353 413 ipse
1376 351 1538 395 Divum

705 423 912 467 Offensus
933 423 1103 483 genitor
1121 421 1354 467 trinoctiali

705 492 864 537 Affecit
882 493 1143 537 domicoenio
1162 492 1377 537 clientem.

704 566 808 607 Post
826 564 912 607 hoc
933 563 1144 624 flagitium
1167 561 1359 607 misellus
1380 561 1541 605 AEthon
1554 596 1565 614 ‚

704 634 853 690 Quum
883 632 976 676 vult
997 635 1043 676 in
1064 631 1332 694 Capitolium
1351 632 1522 687 venire,

707 702 842 747 Sellas
868 712 967 746 ante
992 705 1102 764 petit
1124 702 1440 755 Patroclianas,

706 776 764 817 Et
786 773 906 834 pedit
925 773 1176 834 deciesque,
1195 774 1424 834 viciesque.

708 843 793 888 Sed
818 845 1017 904 quamvis
1038 844 1118 888 sibi
1138 845 1302 888 caverit
1322 842 1561 904 crepando,

709 915 982 975 Compressis
1002 915 1176 959 natibus
1197 917 1349 959 Jovem
1375 913 1543 958 salutat.

556 1060 590 1094 4.
620 1054 766 1088 Comites.
795 1071 809 1082 ι
834 1053 903 1086 Alii
925 1054 1061 1086 homines
1083 1066 1095 1087 .·
1120 1066 1176 1087 re-

500 1116 564 1141 cte.
583 1124 596 1137 n
613 1107 739 1140 Scltrev.
754 1105 810 1140 Sic
827 1105 905 1140 cod.
920 1107 1056 1140 Beverl.
1072 1119 1177 1140 manu

503 1168 662 1194 exaratus
684 1168 719 1193 et
739 1158 795 1193 ed.
815 1160 916 1194 Barb.
934 1159 1126 1193 Scriveriis.

556 1212 590 1246 5.
617 1214 649 1246 T
647 1213 826 1253 rinoctiali,
848 1221 913 1246 etc.
935 1213 1015 1254 Quo
1033 1213 1177 1257 castiga-

498 1274 553 1299 ret
562 1274 719 1300 ventrem
734 1265 853 1299 alienis
864 1266 1100 1299 luxuriantem
1113 1278 1178 1299 coe-

499 1319 566 1360 nis,
575 1318 775 1365 quasinulla
788 1327 876 1352 esset
890 1318 1049 1352 ciborum
1065 1327 1179 1365 capta·

502 1373 571 1405 tori
594 1372 726 1406 tristior
744 1384 848 1417 poena
867 1384 971 1417 quam
993 1371 1090 1405 domi
1113 1384 1179 1405 coe-

501 1437 596 1458 nare.
620 1426 664 1458 Et
689 1423 831 1470 quidem
850 1425 954 1470 inops
976 1425 1035 1458 ille
1059 1425 1177 1459 forsan

503 1486 538 1512 et
568 1478 814 1524 pauperrimus
838 1486 898 1511 aut
923 1478 1088 1512 vilissima
1113 1490 1178 1522 per

501 1530 658 1564 triduum
685 1544 806 1565 esurus
841 1540 932 1572 erat,
958 1539 1017 1565 aut
1043 1531 1179 1577 jejunia

500 1583 604 1630 longa
628 1596 802 1629 passurus.

1291 1056 1324 1089 8.
1342 1054 1380 1087 In
1397 1052 1601 1098 Capitolium.
1617 1050 1674 1086 Ad
1691 1049 1912 1085 salutandum

1235 1107 1374 1140 Jovem.

1291 1172 1326 1204 9.
1349 1159 1581 1204 Quatrz'dianas
1604 1156 1683 1192 cod.
1706 1158 1842 1191 Beverl.
1863 1178 1914 1183 ——

1237 1213 1471 1246 Patroclianas.
1493 1211 1655 1245 Publicas
1676 1209 1843 1256 quasdam
1865 1210 1914 1243 la-

1236 1266 1347 1300 trinas
1369 1265 1610 1310 interpretare.

1295 1331 1353 1352 10.
1378 1319 1412 1351 V
1412 1320 1580 1363 igetiesque
1601 1329 1667 1362 pro
1688 1330 1745 1363 que
1757 1318 1916 1362 ‘viciesque

1238 1370 1443 1405 Beverland.

1295 1438 1308 1458 1
1321 1438 1352 1458 2.
1377 1425 1580 1469 Compressis.
1600 1422 1731 1456 lEthon
1747 1422 1916 1468 parasitus

1237 1477 1390 1524 pedendi
1408 1477 1494 1511 vitio
1514 1477 1561 1510 sic
1580 1474 1760 1509 laborabat
1772 1501 1780 1517 ‚
1801 1483 1856 1515 ut,
1873 1475 1915 1507 li-

1239 1540 1292 1564 cet
1313 1531 1380 1564 sibi
1401 1530 1566 1571 cavisset,
1587 1528 1761 1574 crepitum
1778 1540 1917 1574 semper

1240 1584 1471 1629 comprimere
1492 1590 1684 1629 cogeretur.

1023 1722 1397 1778 LXXVIII.

1027 1874 1105 1905 nr„
1146 1852 1393 1902 ιῑοι)ΕΜ.”ι

574 2001 701 2043 ANTE
722 2000 842 2043 Jovis
863 2009 1049 2043 statuam
1074 2000 1245 2060 crepuit
1265 2008 1386 2043 satur
1411 1999 1563 2043 histrio
1586 2016 1595 2042 :
1621 2015 1792 2059 poenam

643 2069 813 2130 Jupiter
837 2069 1016 2126 indixit,
1037 2070 1182 2114 vivere
1209 2069 1262 2113 de
1288 2070 1479 2130 proprio.

557 2195 571 2209 ⁶
594 2200 787 2242 Nesciunt,
821 2201 889 2235 hoc
928 2203 1048 2236 saltem
1083 2202 1183 2243 loco,

504 2252 601 2287 istud
626 2253 838 2300 epigramma
865 2254 946 2289 edd.
980 2254 1055 2289 Ald.
1082 2255 1182 2289 Juut.

505 2307 618 2341 Colin,
639 2307 739 2340 Barb.

557 2358 791 2393 —Eumdem
808 2361 1000 2402 cavillatur,
1016 2369 1055 2394 ut
1068 2361 1183 2394 minus

505 2413 711 2458 procaciter,
727 2413 774 2447 sic
790 2414 875 2447 salse
888 2414 1006 2459 magis.
1019 2414 1181 2459 Coenipe-

505 2473 575 2499 tam
604 2474 639 2499 et
666 2478 857 2512 pauperem
885 2466 1008 2512 arguit.
1033 2467 1180 2500 Utrum-

505 2530 576 2564 que
611 2527 726 2553 autem
757 2519 979 2554 contumeliae
1012 2520 1089 2553 loco
1119 2519 1180 2552 ha-

506 2570 684 2613 bendum;
701 2585 809 2618 quum
829 2573 1001 2619 parasitus
1021 2581 1054 2606 et
1073 2585 1181 2618 usque

508 2632 539 2657 et
565 2625 692 2670 ubique
717 2634 873 2671 spretus,
900 2635 933 2659 et
956 2634 1037 2659 tunc
1063 2627 1181 2659 Romae

1243 2201 1293 2234 nil
1309 2210 1513 2248 paupertate
1532 2201 1699 2236 odiosius.
1717 2202 1841 2235 Horat.
1857 2200 1917 2235 lib.

1243 2255 1318 2296 III,
1339 2254 1397 2288 od.
1417 2267 1524 2297 xxrv,
1545 2259 1604 2295 42.
1624 2272 1638 2286 ιι
1651 2255 1818 2301 Magnum
1833 2266 1920 2299 pau-

1243 2307 1355 2353 peries
1388 2309 1633 2354 opprobrium.
1648 2326 1661 2337 n
1683 2307 1795 2341 Tacit,
1827 2308 1917 2340 Anu.

1247 2360 1392 2406 «Neque
1411 2361 1463 2394 illi
1478 2360 1715 2407 objiciendum
1728 2358 1920 2407 quidquam

1242 2413 1312 2446 nisi
1329 2413 1426 2460 quod
1443 2413 1634 2448 maximum
1650 2414 1823 2447 malorum
1838 2425 1922 2459 pau-

1241 2474 1412 2511 pertatem
1429 2467 1586 2501 haberet.
1610 2485 1622 2496 »ι

1300 2534 1332 2552 2.
1357 2520 1394 2551 V
1391 2523 1470 2553 icere
1482 2520 1520 2552 de
1532 2522 1675 2566 proprio.
1698 2520 1820 2562 Quum
1838 2531 1920 2551 vero

1241 2585 1374 2618 pauper
1393 2581 1480 2607 esset
1498 2573 1560 2606 iste
1583 2573 1713 2607 AEthon
1727 2599 1736 2615 ,
1759 2571 1854 2606 domi
1867 2572 1919 2617 je-

1242 2627 1361 2670 junare
1378 2627 1576 2672 cogebatur.
