2044 3292
534 194 631 241 286

908 197 968 239 M.
1000 198 1136 241 VAL.
1170 198 1558 241 MARTIALIS

1092 349 1374 406 CCXJV.

990 505 1151 532 rufini
1191 483 1469 532 commun*

602 632 710 675 NON
732 630 814 673 erit
836 631 879 672 in
902 629 1030 672 turba
1053 630 1280 689 quisquam
1307 628 1539 686 μισούμενος
1562 626 1670 679 ista;

673 699 757 744 Sed
783 700 942 760 poterit
967 700 1107 759 quivis
1129 714 1221 743 esse
1246 693 1522 747 δισεξοίποθος.

584 834 598 849 *
614 840 723 872 Recte
739 838 928 872 Turnebus
949 846 1066 872 censet
1083 836 1206 871 ludere

534 893 677 926 poetam
688 892 725 925 in
735 890 910 926 indicibus
922 891 993 924 sive
1005 891 1117 924 titulis
1126 889 1208 924 dua-

533 958 614 979 rum
635 945 835 978 fabularum
858 943 1056 977 Menandri.
1078 944 1122 976 Et
1141 944 1207 976 Μι-

534 1000 683 1044 σοὺμενον
696 997 839 1043 quidem
851 997 1000 1043 appellat
1013 997 1138 1030 Pollux
1147 996 1208 1030 lib.

534 1052 586 1093 X,
602 1063 631 1084 c.
651 1051 693 1085 31
709 1075 719 1092 ‚
732 1050 785 1084 καὶ
804 1053 834 1085 ἐν
858 1055 904 1096 τῷ
923 1051 1118 1096 Μισουμένῳ
1138 1051 1208 1083 Μέ-

533 1101 678 1149 νανδρος·
693 1098 829 1148 Ᾰφανεῖν
843 1104 1010 1149 γεγόνασιν
1026 1104 1058 1136 αἱ
1074 1103 1207 1136 σπάθαι.

534 1156 606 1191 Sed
619 1157 831 1198 Δισεξάποθῦς
841 1165 968 1191 voxest
978 1155 1078 1190 nihili
1087 1164 1120 1190 et
1131 1168 1211 1189 con-

535 1219 589 1244 tra
607 1223 747 1244 omnem
765 1211 969 1256 analogiam.
989 1210 1062 1243 Nec
1083 1208 1131 1242 sic
1147 1209 1210 1242 ha-

536 1264 642 1297 betur
655 1262 749 1309 apud
764 1263 985 1308 Fulgentium
995 1289 1004 1304 ,
1020 1274 1125 1308 quem
1138 1263 1212 1307 ejus

538 1324 715 1350 auctorem
740 1315 800 1350 dat
819 1316 1007 1350 Turnebus
1033 1327 1041 1348 :
1064 1314 1124 1348 sed
1144 1315 1213 1348 hoc

539 1368 646 1402 modo
663 1381 671 1402 ε
690 1369 775 1403 Nam
790 1377 822 1401 et
832 1369 1009 1401 Menander
1022 1368 1167 1400 similiter
1181 1370 1212 1399 ιἰι

541 1422 780 1467 Disexapatlzon
805 1421 953 1454 comoedia
977 1423 1024 1453 ila
1047 1422 1104 1453 ait.
1133 1420 1215 1453 Fuit

538 1486 637 1520 ergo:
654 1471 885 1515 δισεξαπατῶν
895 1485 905 1516 ;
917 1473 954 1507 id
963 1481 1027 1514 est,
1043 1473 1214 1516 blssallens

538 1528 593 1561 vel
617 1528 782 1572 decipiens.
808 1528 853 1560 Et
875 1527 945 1560 hoc
971 1526 1139 1560 convenit
1159 1525 1215 1560 isti

539 1580 680 1626 generi,
699 1592 798 1626 spem
814 1579 868 1613 sui
887 1579 1001 1613 facere
1013 1604 1022 1620 ‚
1041 1587 1076 1613 et
1093 1587 1216 1625 postea

538 1646 613 1667 eam
648 1633 766 1667 fallere
794 1645 865 1666 non
897 1632 1023 1672 semel,
1056 1631 1217 1677 exemplo

540 1687 649 1726 illius,
664 1685 709 1720 de
724 1698 794 1732 quo
808 1684 912 1719 Ovid.
930 1686 1104 1726 Met.VII,
1121 1685 1191 1728 372
1207 1695 1215 1716 :

1272 854 1284 866 a
1306 848 1387 869 nam
1406 835 1566 881 Phyllius
1583 835 1656 868 illic
1679 834 1832 880 Imperio
1853 847 1939 880 pue·

1266 890 1298 923 ri
1326 889 1556 935 volucresque
1583 888 1771 934 ferumque
1803 888 1942 922 leonem

1267 940 1474 975 Tradiderat
1495 940 1647 975 domitos
1666 953 1674 974 ε
1694 949 1833 975 taurum
1852 953 1942 987 quo-

1268 1008 1335 1041 que
1345 995 1485 1028 vincere
1490 995 1603 1039 jussus
1612 994 1772 1035 Vicerat3
1783 1002 1817 1028 et
1825 1002 1942 1040 spreto

1269 1048 1370 1082 toties
1383 1047 1490 1081 iratus
1503 1060 1620 1081 amore
1632 1072 1641 1087 ‚
1660 1055 1726 1081 etc.
1745 1064 1758 1077 »ι
1778 1045 1944 1080 Vidimus

1269 1101 1372 1135 etiam
1392 1101 1560 1147 scriptum
1580 1100 1615 1133 in
1636 1100 1713 1135 MS.
1734 1100 1943 1146 disexepeton.

1269 1154 1435 1188 Vicissim
1453 1154 1622 1187 Martialis
1637 1153 1695 1187 hic
1710 1153 1808 1187 locus
1823 1161 1945 1186 tuetur

1269 1208 1385 1241 locum
1405 1207 1577 1252 Fulgentii
1590 1232 1599 1248 ‚
1618 1218 1723 1252 quem
1741 1206 1830 1239 mire
1845 1213 1947 1239 vexat

1270 1260 1467 1299 Reinesius,
1511 1260 1683 1306 dysexapto
1698 1287 1707 1300 ,
1753 1261 1906 1304 epeisacto
1934 1284 1943 1297 ,

1272 1317 1462 1358 episocomo‚
1496 1312 1712 1358 disexapateto
1725 1339 1734 1354 ‚
1769 1311 1945 1358 dysexapa-

1275 1374 1349 1406 teto,
1365 1364 1623 1399 substituendo.
1639 1366 1725 1407 Quae
1744 1365 1862 1397 omnia
1874 1375 1946 1397 non

1273 1427 1357 1452 sunt
1377 1419 1485 1452 nauci
1504 1430 1512 1451 :
1543 1430 1609 1451 nec
1630 1417 1726 1451 aliud
1755 1417 1822 1451 suit
1843 1428 1947 1462 quam

1275 1472 1490 1516 disexapaton.
1517 1470 1707 1505 Gronovius.

1331 1537 1363 1558 2.
1382 1520 1618 1564 «Διδεξάποθος
1639 1535 1647 1556 :
1665 1520 1716 1563 δὶς
1736 1523 1942 1563 ἐξαπατῶν.»

1275 1576 1462 1611 Beverland.
1484 1575 1753 1622 Intelligendum
1770 1583 1820 1610 est
1836 1582 1950 1620 poste-

1275 1631 1406 1664 riorem
1431 1629 1616 1663 lectionem
1645 1641 1663 1662 e
1688 1628 1764 1662 MS.
1793 1626 1948 1673 ejusdem

1279 1683 1412 1716 Beverl.
1433 1682 1583 1715 evenire.

1120 1818 1382 1877 CCXV.

1138 1977 1363 2006 FIBULA.

617 2106 706 2147 ch
734 2103 838 2146 mihi
864 2101 1135 2162 simpliciter,
1158 2100 1367 2144 comoedis
1397 2108 1441 2142 et
1470 2097 1717 2141 citharoedis

687 2171 837 2216 Fibula
868 2171 970 2232 quid
999 2170 1205 2231 praestat?
1230 2171 1372 2213 carius
1397 2178 1445 2211 ut
1468 2167 1652 2212 futuant.

617 2312 719 2355 Εἰπέ
748 2328 814 2371 μοι
840 2311 1059 2370 ἀτρεκέως,
1090 2304 1307 2368 κωμῳδοὺς
1334 2307 1400 2351 mit
1429 2301 1671 2367 κιθαρωὸοὺς

688 2373 726 2425 H
753 2382 878 2442 πρόνη
906 2381 947 2424 τί
972 2381 1096 2433 ποίας
1128 2380 1305 2430 πλείονός
1332 2382 1418 2420 ἐστι
1439 2374 1584 2420 σοὲεῖν.

610 2535 638 2556 1.
657 2522 823 2557 Comoedis.
854 2521 922 2555 Adi
943 2522 1003 2554 lib.
1025 2521 1117 2559 Vll,
1154 2521 1226 2566 epi-

554 2585 734 2622 grammat.
751 2587 891 2616 Lxxx11‚
908 2587 940 2608 2.

609 2642 641 2662 2.
669 2629 707 2662 Si
726 2629 804 2675 quid
822 2630 1027 2673 prcestiterint
1053 2627 1166 2660 Cat-ias
1188 2626 1221 2659 in

554 2694 658 2726 marg·
670 2681 724 2715 ed.
737 2681 1004 2726 Langii.—Cm·.
1017 2680 1117 2722 atsut.
1132 2680 1222 2712 Num

1288 2519 1451 2558 sanctius,
1461 2530 1549 2551 num
1559 2516 1682 2551 castius
1692 2514 1845 2562 degunt?
1856 2514 1954 2548 mini·

1287 2586 1343 2606 me
1354 2598 1364 2613 ,
1385 2571 1446 2605 sed
1464 2570 1619 2617 pecuniae
1632 2569 1738 2615 magis
1755 2575 1921 2614 expetunt
1935 2580 1953 2600 a

1284 2625 1432 2659 feminis.
1454 2625 1577 2657 Juven.
1600 2622 1669 2656 Sat.
1683 2635 1738 2662 vi,
1758 2621 1804 2666 73
1821 2633 1828 2654 ε
1854 2638 1867 2650 «
1882 2620 1956 2653 Sol-

1284 2679 1378 2713 vitur
1395 2678 1449 2712 his
1469 2689 1594 2722 magno
1616 2673 1762 2709 comoedi
1779 2673 1897 2707 fibula.
1917 2690 1930 2702 u
