<?xml version="1.0" encoding="UTF-8"?>
<!DOCTYPE html PUBLIC "-//W3C//DTD XHTML 1.0 Transitional//EN"
    "http://www.w3.org/TR/xhtml1/DTD/xhtml1-transitional.dtd">
<html xmlns="http://www.w3.org/1999/xhtml" xml:lang="en" lang="en">
 <head>
  <title>
</title>
<meta http-equiv="Content-Type" content="text/html;charset=utf-8" />
  <meta name='ocr-system' content='tesseract 3.04.00' />
  <meta name='ocr-capabilities' content='ocr_page ocr_carea ocr_par ocr_line ocrx_word'/>
</head>
<body>
  <div class='ocr_page' id='page_1' title='image "./epigrammata03martuoft_0195.png"; bbox 0 0 1901 3259; ppageno 0'>
   <div class='ocr_carea' id='block_1_1' title="bbox 289 187 1237 241">
    <p class='ocr_par' dir='ltr' id='par_1_1' title="bbox 289 187 1237 241">
     <span class='ocr_line' id='line_1_1' title="bbox 289 187 1237 241; baseline -0.013 0"><span class='ocrx_word' id='word_1_1' title='bbox 289 192 879 241; x_wconf 83' lang='lat' dir='ltr'>EPIGRAMMATUM</span> <span class='ocrx_word' id='word_1_2' title='bbox 917 190 1045 234; x_wconf 90' lang='lat' dir='ltr'><strong>LIB.</strong></span> <span class='ocrx_word' id='word_1_3' title='bbox 1084 187 1237 231; x_wconf 89' lang='lat' dir='ltr'>XIII.</span> 
     </span>
    </p>
   </div>
   <div class='ocr_carea' id='block_1_2' title="bbox 1379 185 1460 239">
    <p class='ocr_par' dir='ltr' id='par_1_2' title="bbox 1379 185 1460 239">
     <span class='ocr_line' id='line_1_2' title="bbox 1379 185 1460 239; baseline -0.012 -11"><span class='ocrx_word' id='word_1_4' title='bbox 1379 185 1460 239; x_wconf 71' lang='grc' dir='ltr'><strong>ιίιῐ</strong></span> 
     </span>
    </p>
   </div>
   <div class='ocr_carea' id='block_1_3' title="bbox 573 343 954 403">
    <p class='ocr_par' dir='ltr' id='par_1_3' title="bbox 573 343 954 403">
     <span class='ocr_line' id='line_1_3' title="bbox 573 343 954 403; baseline -0.016 0"><span class='ocrx_word' id='word_1_5' title='bbox 573 343 954 403; x_wconf 87' lang='lat' dir='ltr'>LXXXIX.</span> 
     </span>
    </p>
   </div>
   <div class='ocr_carea' id='block_1_4' title="bbox 653 479 872 530">
    <p class='ocr_par' dir='ltr' id='par_1_4' title="bbox 653 479 872 530">
     <span class='ocr_line' id='line_1_4' title="bbox 653 479 872 530; baseline -0.014 0"><span class='ocrx_word' id='word_1_6' title='bbox 653 479 872 530; x_wconf 69' lang='lat' dir='ltr'><strong>Lupus*</strong></span> 
     </span>
    </p>
   </div>
   <div class='ocr_carea' id='block_1_5' title="bbox 130 624 1215 763">
    <p class='ocr_par' dir='ltr' id='par_1_5' title="bbox 130 624 1215 763">
     <span class='ocr_line' id='line_1_5' title="bbox 130 624 1215 692; baseline -0.01 -15"><span class='ocrx_word' id='word_1_7' title='bbox 130 635 321 677; x_wconf 76' lang='lat' dir='ltr'><strong>LANEUS</strong></span> <span class='ocrx_word' id='word_1_8' title='bbox 350 629 546 692; x_wconf 79' lang='lat' dir='ltr'>Euganei</span> <span class='ocrx_word' id='word_1_9' title='bbox 574 628 702 688; x_wconf 91' lang='lat' dir='ltr'><strong>lupus</strong></span> <span class='ocrx_word' id='word_1_10' title='bbox 734 628 895 688; x_wconf 84' lang='lat' dir='ltr'><strong>excipit</strong></span> <span class='ocrx_word' id='word_1_11' title='bbox 925 641 1002 669; x_wconf 86' lang='lat' dir='ltr'><strong>ora</strong></span> <span class='ocrx_word' id='word_1_12' title='bbox 1022 624 1215 680; x_wconf 81' lang='lat' dir='ltr'><strong>Timavi,</strong></span> 
     </span>
     <span class='ocr_line' id='line_1_6' title="bbox 200 697 1166 763; baseline -0.008 -17"><span class='ocrx_word' id='word_1_13' title='bbox 200 703 418 763; x_wconf 86' lang='lat' dir='ltr'><strong>AEquoreo</strong></span> <span class='ocrx_word' id='word_1_14' title='bbox 443 699 592 744; x_wconf 82' lang='lat' dir='ltr'>dulces</span> <span class='ocrx_word' id='word_1_15' title='bbox 616 715 716 743; x_wconf 89' lang='lat' dir='ltr'><strong>cum</strong></span> <span class='ocrx_word' id='word_1_16' title='bbox 740 697 826 742; x_wconf 86' lang='lat' dir='ltr'><strong>sale</strong></span> <span class='ocrx_word' id='word_1_17' title='bbox 847 706 996 758; x_wconf 86' lang='lat' dir='ltr'><strong>pastus</strong></span> <span class='ocrx_word' id='word_1_18' title='bbox 1020 711 1166 758; x_wconf 79' lang='lat' dir='ltr'><strong>aquas.</strong></span> 
     </span>
    </p>
   </div>
   <div class='ocr_carea' id='block_1_6' title="bbox 131 830 1163 971">
    <p class='ocr_par' dir='ltr' id='par_1_6' title="bbox 131 830 1163 971">
     <span class='ocr_line' id='line_1_7' title="bbox 131 830 1125 902; baseline -0.008 -18"><span class='ocrx_word' id='word_1_19' title='bbox 131 841 333 902; x_wconf 80' lang='grc' dir='ltr'>Εὐγανέου</span> <span class='ocrx_word' id='word_1_20' title='bbox 357 833 516 898; x_wconf 62' lang='grc' dir='ltr'>λοίέραξ</span> <span class='ocrx_word' id='word_1_21' title='bbox 541 835 718 896; x_wconf 79' lang='grc' dir='ltr'>προχοὰς</span> <span class='ocrx_word' id='word_1_22' title='bbox 745 830 918 879; x_wconf 74' lang='grc' dir='ltr'>ὑποδῦσι</span> <span class='ocrx_word' id='word_1_23' title='bbox 943 836 1125 895; x_wconf 78' lang='grc' dir='ltr'>Τιμαύου</span> 
     </span>
     <span class='ocr_line' id='line_1_8' title="bbox 200 905 1163 971; baseline -0.008 -17"><span class='ocrx_word' id='word_1_24' title='bbox 200 912 260 954; x_wconf 84' lang='grc' dir='ltr'><strong>Τὸ</strong></span> <span class='ocrx_word' id='word_1_25' title='bbox 289 910 414 971; x_wconf 81' lang='grc' dir='ltr'>γλυκὺ</span> <span class='ocrx_word' id='word_1_26' title='bbox 450 908 693 968; x_wconf 82' lang='grc' dir='ltr'>βοσκόμενος</span> <span class='ocrx_word' id='word_1_27' title='bbox 718 910 828 966; x_wconf 75' lang='grc' dir='ltr'>νᾶμα</span> <span class='ocrx_word' id='word_1_28' title='bbox 857 905 1163 966; x_wconf 79' lang='grc' dir='ltr'>Θαλασσομιγές.</span> 
     </span>
    </p>
   </div>
   <div class='ocr_carea' id='block_1_7' title="bbox 25 1046 762 2621">
    <p class='ocr_par' dir='ltr' id='par_1_7' title="bbox 25 1046 760 2316">
     <span class='ocr_line' id='line_1_9' title="bbox 114 1046 739 1097; baseline -0.008 -12"><span class='ocrx_word' id='word_1_29' title='bbox 114 1047 129 1062; x_wconf 77' lang='grc'>”</span> <span class='ocrx_word' id='word_1_30' title='bbox 145 1052 286 1097; x_wconf 85' lang='lat' dir='ltr'><strong>Lupus,</strong></span> <span class='ocrx_word' id='word_1_31' title='bbox 317 1049 439 1083; x_wconf 81' lang='lat' dir='ltr'><strong>Graece</strong></span> <span class='ocrx_word' id='word_1_32' title='bbox 467 1046 613 1093; x_wconf 68' lang='grc' dir='ltr'><strong>λάὲραξ,</strong></span> <span class='ocrx_word' id='word_1_33' title='bbox 635 1046 739 1092; x_wconf 90' lang='lat' dir='ltr'><strong>piscis</strong></span> 
     </span>
     <span class='ocr_line' id='line_1_10' title="bbox 64 1099 740 1139; baseline -0.01 0"><span class='ocrx_word' id='word_1_34' title='bbox 64 1113 115 1139; x_wconf 92' lang='lat' dir='ltr'><strong>est</strong></span> <span class='ocrx_word' id='word_1_35' title='bbox 141 1104 190 1138; x_wconf 87' lang='lat' dir='ltr'><strong>sic</strong></span> <span class='ocrx_word' id='word_1_36' title='bbox 213 1103 328 1137; x_wconf 83' lang='lat' dir='ltr'><strong>dictus</strong></span> <span class='ocrx_word' id='word_1_37' title='bbox 353 1115 372 1135; x_wconf 86' lang='lat' dir='ltr'><strong>a</strong></span> <span class='ocrx_word' id='word_1_38' title='bbox 394 1100 544 1135; x_wconf 86' lang='lat' dir='ltr'><strong>vorandi</strong></span> <span class='ocrx_word' id='word_1_39' title='bbox 575 1099 740 1134; x_wconf 84' lang='lat' dir='ltr'><strong>aviditate</strong></span> 
     </span>
     <span class='ocr_line' id='line_1_11' title="bbox 63 1153 741 1204; baseline -0.007 -13"><span class='ocrx_word' id='word_1_40' title='bbox 63 1165 211 1204; x_wconf 87' lang='lat' dir='ltr'><strong>propter</strong></span> <span class='ocrx_word' id='word_1_41' title='bbox 238 1154 506 1190; x_wconf 87' lang='lat' dir='ltr'><strong>similitudinem</strong></span> <span class='ocrx_word' id='word_1_42' title='bbox 527 1153 605 1200; x_wconf 90' lang='lat' dir='ltr'><strong>lupi</strong></span> <span class='ocrx_word' id='word_1_43' title='bbox 631 1162 741 1187; x_wconf 87' lang='lat' dir='ltr'><strong>terre-</strong></span> 
     </span>
     <span class='ocr_line' id='line_1_12' title="bbox 65 1206 742 1255; baseline -0.007 -11"><span class='ocrx_word' id='word_1_44' title='bbox 65 1211 154 1244; x_wconf 88' lang='lat' dir='ltr'><strong>stris.</strong></span> <span class='ocrx_word' id='word_1_45' title='bbox 169 1210 292 1255; x_wconf 87' lang='lat' dir='ltr'>Neque</span> <span class='ocrx_word' id='word_1_46' title='bbox 311 1217 363 1242; x_wconf 89' lang='lat' dir='ltr'><strong>est</strong></span> <span class='ocrx_word' id='word_1_47' title='bbox 383 1217 500 1242; x_wconf 86' lang='lat' dir='ltr'><strong>tamen</strong></span> <span class='ocrx_word' id='word_1_48' title='bbox 511 1232 521 1249; x_wconf 91' lang='lat'>,</span> <span class='ocrx_word' id='word_1_49' title='bbox 533 1215 574 1240; x_wconf 92' lang='lat' dir='ltr'><strong>ut</strong></span> <span class='ocrx_word' id='word_1_50' title='bbox 596 1206 742 1252; x_wconf 88' lang='lat' dir='ltr'><strong>quibus-</strong></span> 
     </span>
     <span class='ocr_line' id='line_1_13' title="bbox 65 1260 742 1309; baseline -0.009 -11"><span class='ocrx_word' id='word_1_51' title='bbox 65 1263 146 1298; x_wconf 87' lang='lat' dir='ltr'><strong>dam</strong></span> <span class='ocrx_word' id='word_1_52' title='bbox 168 1262 301 1309; x_wconf 87' lang='lat' dir='ltr'>placuit</span> <span class='ocrx_word' id='word_1_53' title='bbox 322 1262 474 1295; x_wconf 85' lang='lat' dir='ltr'><strong>famosus</strong></span> <span class='ocrx_word' id='word_1_54' title='bbox 500 1260 656 1294; x_wconf 87' lang='lat' dir='ltr'><strong>amnium</strong></span> <span class='ocrx_word' id='word_1_55' title='bbox 678 1271 742 1292; x_wconf 89' lang='lat' dir='ltr'><strong>no-</strong></span> 
     </span>
     <span class='ocr_line' id='line_1_14' title="bbox 66 1307 745 1359; baseline -0.009 -9"><span class='ocrx_word' id='word_1_56' title='bbox 66 1325 220 1350; x_wconf 83' lang='lat' dir='ltr'><strong>strorum</strong></span> <span class='ocrx_word' id='word_1_57' title='bbox 232 1315 354 1349; x_wconf 85' lang='lat' dir='ltr'><strong>helluo</strong></span> <span class='ocrx_word' id='word_1_58' title='bbox 366 1314 478 1348; x_wconf 90' lang='lat' dir='ltr'><strong>lucius</strong></span> <span class='ocrx_word' id='word_1_59' title='bbox 489 1307 586 1359; x_wconf 86' lang='lat' dir='ltr'><strong>(gall.</strong></span> <span class='ocrx_word' id='word_1_60' title='bbox 595 1310 745 1354; x_wconf 75' lang='lat' dir='ltr'><strong>b1·0chet);</strong></span> 
     </span>
     <span class='ocr_line' id='line_1_15' title="bbox 67 1365 745 1415; baseline -0.007 -12"><span class='ocrx_word' id='word_1_61' title='bbox 67 1381 180 1415; x_wconf 88' lang='lat' dir='ltr'><strong>neque</strong></span> <span class='ocrx_word' id='word_1_62' title='bbox 191 1367 386 1403; x_wconf 87' lang='lat' dir='ltr'><strong>credendus</strong></span> <span class='ocrx_word' id='word_1_63' title='bbox 394 1375 458 1409; x_wconf 85' lang='lat' dir='ltr'><strong>est,</strong></span> <span class='ocrx_word' id='word_1_64' title='bbox 467 1376 508 1400; x_wconf 91' lang='lat' dir='ltr'><strong>ut</strong></span> <span class='ocrx_word' id='word_1_65' title='bbox 519 1367 661 1400; x_wconf 83' lang='lat' dir='ltr'><strong>voluere</strong></span> <span class='ocrx_word' id='word_1_66' title='bbox 676 1365 745 1405; x_wconf 71' lang='lat' dir='ltr'><strong>alii,</strong></span> 
     </span>
     <span class='ocr_line' id='line_1_16' title="bbox 68 1416 748 1467; baseline -0.007 -11"><span class='ocrx_word' id='word_1_67' title='bbox 68 1422 162 1456; x_wconf 87' lang='lat' dir='ltr'><strong>idem</strong></span> <span class='ocrx_word' id='word_1_68' title='bbox 180 1435 263 1456; x_wconf 91' lang='lat' dir='ltr'><strong>cum</strong></span> <span class='ocrx_word' id='word_1_69' title='bbox 280 1422 366 1467; x_wconf 90' lang='lat' dir='ltr'><strong>lupo</strong></span> <span class='ocrx_word' id='word_1_70' title='bbox 387 1417 523 1454; x_wconf 83' lang='lat' dir='ltr'><strong>marino</strong></span> <span class='ocrx_word' id='word_1_71' title='bbox 546 1416 559 1460; x_wconf 92' lang='lat'><strong>(</strong></span> <span class='ocrx_word' id='word_1_72' title='bbox 578 1419 636 1453; x_wconf 85' lang='lat' dir='ltr'><strong>hic</strong></span> <span class='ocrx_word' id='word_1_73' title='bbox 654 1419 748 1452; x_wconf 91' lang='lat' dir='ltr'><strong>enim</strong></span> 
     </span>
     <span class='ocr_line' id='line_1_17' title="bbox 69 1472 750 1518; baseline -0.006 -9"><span class='ocrx_word' id='word_1_74' title='bbox 69 1476 234 1509; x_wconf 87' lang='lat' dir='ltr'><strong>monstris</strong></span> <span class='ocrx_word' id='word_1_75' title='bbox 257 1472 542 1509; x_wconf 86' lang='lat' dir='ltr'><strong>annumerandus</strong></span> <span class='ocrx_word' id='word_1_76' title='bbox 562 1472 680 1518; x_wconf 87' lang='lat' dir='ltr'><strong>potius</strong></span> <span class='ocrx_word' id='word_1_77' title='bbox 701 1472 750 1506; x_wconf 88' lang='lat' dir='ltr'><strong>vi-</strong></span> 
     </span>
     <span class='ocr_line' id='line_1_18' title="bbox 70 1525 747 1574; baseline -0.007 -12"><span class='ocrx_word' id='word_1_78' title='bbox 70 1528 174 1562; x_wconf 89' lang='lat' dir='ltr'><strong>detur</strong></span> <span class='ocrx_word' id='word_1_79' title='bbox 199 1541 306 1574; x_wconf 87' lang='lat' dir='ltr'><strong>quam</strong></span> <span class='ocrx_word' id='word_1_80' title='bbox 328 1525 558 1561; x_wconf 84' lang='lat' dir='ltr'><strong>collocandus</strong></span> <span class='ocrx_word' id='word_1_81' title='bbox 578 1526 672 1559; x_wconf 89' lang='lat' dir='ltr'><strong>inter</strong></span> <span class='ocrx_word' id='word_1_82' title='bbox 693 1525 747 1571; x_wconf 90' lang='lat' dir='ltr'><strong>pi-</strong></span> 
     </span>
     <span class='ocr_line' id='line_1_19' title="bbox 71 1578 749 1626; baseline -0.006 -11"><span class='ocrx_word' id='word_1_83' title='bbox 71 1594 142 1615; x_wconf 91' lang='lat' dir='ltr'><strong>sces</strong></span> <span class='ocrx_word' id='word_1_84' title='bbox 152 1581 176 1623; x_wconf 93' lang='lat'><strong>).</strong></span> <span class='ocrx_word' id='word_1_85' title='bbox 190 1582 255 1615; x_wconf 88' lang='lat' dir='ltr'><strong>Ille</strong></span> <span class='ocrx_word' id='word_1_86' title='bbox 270 1593 353 1615; x_wconf 84' lang='lat' dir='ltr'><strong>vero</strong></span> <span class='ocrx_word' id='word_1_87' title='bbox 368 1579 412 1613; x_wconf 92' lang='lat' dir='ltr'><strong>de</strong></span> <span class='ocrx_word' id='word_1_88' title='bbox 425 1592 496 1626; x_wconf 91' lang='lat' dir='ltr'><strong>quo</strong></span> <span class='ocrx_word' id='word_1_89' title='bbox 509 1580 566 1613; x_wconf 91' lang='lat' dir='ltr'><strong>hic</strong></span> <span class='ocrx_word' id='word_1_90' title='bbox 582 1578 749 1612; x_wconf 80' lang='lat' dir='ltr'><strong>Martialis</strong></span> 
     </span>
     <span class='ocr_line' id='line_1_20' title="bbox 25 1632 751 1680; baseline -0.006 -12"><span class='ocrx_word' id='word_1_91' title='bbox 25 1632 30 1638; x_wconf 32' lang='grc' dir='ltr'>Ἰ</span> <span class='ocrx_word' id='word_1_92' title='bbox 72 1634 140 1680; x_wconf 86' lang='lat' dir='ltr'><strong>agit</strong></span> <span class='ocrx_word' id='word_1_93' title='bbox 157 1634 345 1667; x_wconf 90' lang='lat' dir='ltr'><strong>fluminum</strong></span> <span class='ocrx_word' id='word_1_94' title='bbox 367 1646 444 1667; x_wconf 87' lang='lat' dir='ltr'><strong>oras</strong></span> <span class='ocrx_word' id='word_1_95' title='bbox 462 1632 684 1678; x_wconf 87' lang='lat' dir='ltr'><strong>potissimum</strong></span> <span class='ocrx_word' id='word_1_96' title='bbox 704 1640 751 1665; x_wconf 91' lang='lat' dir='ltr'><strong>te-</strong></span> 
     </span>
     <span class='ocr_line' id='line_1_21' title="bbox 71 1685 747 1733; baseline -0.004 -12"><span class='ocrx_word' id='word_1_97' title='bbox 71 1696 148 1729; x_wconf 90' lang='lat' dir='ltr'><strong>net,</strong></span> <span class='ocrx_word' id='word_1_98' title='bbox 161 1696 195 1721; x_wconf 89' lang='lat' dir='ltr'><strong>et</strong></span> <span class='ocrx_word' id='word_1_99' title='bbox 210 1688 238 1720; x_wconf 88' lang='lat' dir='ltr'><strong>si</strong></span> <span class='ocrx_word' id='word_1_100' title='bbox 255 1685 397 1733; x_wconf 86' lang='lat' dir='ltr'><strong>quando</strong></span> <span class='ocrx_word' id='word_1_101' title='bbox 412 1686 448 1719; x_wconf 88' lang='lat' dir='ltr'><strong>in</strong></span> <span class='ocrx_word' id='word_1_102' title='bbox 460 1685 546 1719; x_wconf 84' lang='lat' dir='ltr'><strong>mari</strong></span> <span class='ocrx_word' id='word_1_103' title='bbox 562 1685 747 1730; x_wconf 86' lang='lat' dir='ltr'><strong>reperitur,</strong></span> 
     </span>
     <span class='ocr_line' id='line_1_22' title="bbox 73 1737 753 1785; baseline -0.003 -12"><span class='ocrx_word' id='word_1_104' title='bbox 73 1753 91 1773; x_wconf 89' lang='lat' dir='ltr'><strong>a</strong></span> <span class='ocrx_word' id='word_1_105' title='bbox 126 1740 289 1774; x_wconf 84' lang='lat' dir='ltr'><strong>litoribus</strong></span> <span class='ocrx_word' id='word_1_106' title='bbox 319 1739 513 1785; x_wconf 83' lang='lat' dir='ltr'><strong>pauxillum</strong></span> <span class='ocrx_word' id='word_1_107' title='bbox 548 1737 681 1772; x_wconf 84' lang='lat' dir='ltr'>recedit</span> <span class='ocrx_word' id='word_1_108' title='bbox 719 1746 753 1771; x_wconf 92' lang='lat' dir='ltr'><strong>et</strong></span> 
     </span>
     <span class='ocr_line' id='line_1_23' title="bbox 75 1791 753 1826; baseline -0.004 0"><span class='ocrx_word' id='word_1_109' title='bbox 75 1793 264 1826; x_wconf 86' lang='lat' dir='ltr'><strong>fluminum</strong></span> <span class='ocrx_word' id='word_1_110' title='bbox 292 1793 380 1826; x_wconf 86' lang='lat' dir='ltr'><strong>ostia</strong></span> <span class='ocrx_word' id='word_1_111' title='bbox 405 1801 496 1826; x_wconf 81' lang='lat' dir='ltr'><strong>amat</strong></span> <span class='ocrx_word' id='word_1_112' title='bbox 516 1791 656 1824; x_wconf 80' lang='lat' dir='ltr'>Oceano</span> <span class='ocrx_word' id='word_1_113' title='bbox 678 1791 753 1824; x_wconf 82' lang='lat' dir='ltr'><strong>illa-</strong></span> 
     </span>
     <span class='ocr_line' id='line_1_24' title="bbox 74 1844 753 1891; baseline -0.004 -12"><span class='ocrx_word' id='word_1_114' title='bbox 74 1846 257 1888; x_wconf 81' lang='lat' dir='ltr'><strong>bentium3</strong></span> <span class='ocrx_word' id='word_1_115' title='bbox 277 1853 310 1879; x_wconf 89' lang='lat' dir='ltr'><strong>et</strong></span> <span class='ocrx_word' id='word_1_116' title='bbox 329 1844 365 1878; x_wconf 89' lang='lat' dir='ltr'><strong>id</strong></span> <span class='ocrx_word' id='word_1_117' title='bbox 382 1845 494 1891; x_wconf 84' lang='lat' dir='ltr'><strong>ipsum</strong></span> <span class='ocrx_word' id='word_1_118' title='bbox 513 1845 619 1878; x_wconf 88' lang='lat' dir='ltr'><strong>Poeta</strong></span> <span class='ocrx_word' id='word_1_119' title='bbox 635 1844 672 1877; x_wconf 90' lang='lat' dir='ltr'><strong>in</strong></span> <span class='ocrx_word' id='word_1_120' title='bbox 689 1856 753 1877; x_wconf 89' lang='lat' dir='ltr'><strong>suo</strong></span> 
     </span>
     <span class='ocr_line' id='line_1_25' title="bbox 75 1897 755 1945; baseline -0.004 -13"><span class='ocrx_word' id='word_1_121' title='bbox 75 1899 323 1945; x_wconf 76' lang='lat' dir='ltr'>epigrammate</span> <span class='ocrx_word' id='word_1_122' title='bbox 343 1897 522 1932; x_wconf 86' lang='lat' dir='ltr'><strong>indicavit.</strong></span> <span class='ocrx_word' id='word_1_123' title='bbox 536 1898 661 1943; x_wconf 86' lang='lat' dir='ltr'>Neque</span> <span class='ocrx_word' id='word_1_124' title='bbox 683 1897 755 1930; x_wconf 88' lang='lat' dir='ltr'><strong>exi-</strong></span> 
     </span>
     <span class='ocr_line' id='line_1_26' title="bbox 75 1950 755 1997; baseline -0.004 -11"><span class='ocrx_word' id='word_1_125' title='bbox 75 1965 163 1997; x_wconf 88' lang='lat' dir='ltr'><strong>guus</strong></span> <span class='ocrx_word' id='word_1_126' title='bbox 177 1965 260 1986; x_wconf 89' lang='lat' dir='ltr'><strong>vero</strong></span> <span class='ocrx_word' id='word_1_127' title='bbox 278 1960 371 1992; x_wconf 87' lang='lat' dir='ltr'><strong>erat,</strong></span> <span class='ocrx_word' id='word_1_128' title='bbox 383 1964 498 1997; x_wconf 91' lang='lat' dir='ltr'><strong>neque</strong></span> <span class='ocrx_word' id='word_1_129' title='bbox 511 1950 656 1992; x_wconf 87' lang='lat' dir='ltr'><strong>debilis;</strong></span> <span class='ocrx_word' id='word_1_130' title='bbox 670 1958 755 1984; x_wconf 86' lang='lat' dir='ltr'><strong>teste</strong></span> 
     </span>
     <span class='ocr_line' id='line_1_27' title="bbox 77 2004 756 2051; baseline -0.003 -13"><span class='ocrx_word' id='word_1_131' title='bbox 77 2005 207 2040; x_wconf 85' lang='lat' dir='ltr'><strong>Ovidio</strong></span> <span class='ocrx_word' id='word_1_132' title='bbox 226 2005 287 2051; x_wconf 82' lang='lat' dir='ltr'><strong>qui</strong></span> <span class='ocrx_word' id='word_1_133' title='bbox 302 2005 338 2038; x_wconf 90' lang='lat' dir='ltr'><strong>in</strong></span> <span class='ocrx_word' id='word_1_134' title='bbox 352 2004 430 2038; x_wconf 85' lang='lat' dir='ltr'><strong>Hal.</strong></span> <span class='ocrx_word' id='word_1_135' title='bbox 447 2017 496 2038; x_wconf 89' lang='lat' dir='ltr'><strong>vs.</strong></span> <span class='ocrx_word' id='word_1_136' title='bbox 515 2005 561 2038; x_wconf 82' lang='lat'><strong>38</strong></span> <span class='ocrx_word' id='word_1_137' title='bbox 578 2015 586 2037; x_wconf 74' lang='grc' dir='ltr'><strong><em>ε</em></strong></span> <span class='ocrx_word' id='word_1_138' title='bbox 606 2021 619 2033; x_wconf 80' lang='lat'>«</span> <span class='ocrx_word' id='word_1_139' title='bbox 635 2004 756 2049; x_wconf 88' lang='lat' dir='ltr'><strong>Lupus</strong></span> 
     </span>
     <span class='ocr_line' id='line_1_28' title="bbox 77 2057 756 2092; baseline -0.003 0"><span class='ocrx_word' id='word_1_140' title='bbox 77 2059 148 2092; x_wconf 79' lang='lat' dir='ltr'><strong>aeri</strong></span> <span class='ocrx_word' id='word_1_141' title='bbox 180 2059 336 2092; x_wconf 89' lang='lat' dir='ltr'><strong>concitus</strong></span> <span class='ocrx_word' id='word_1_142' title='bbox 366 2058 418 2091; x_wconf 86' lang='lat' dir='ltr'><strong>ira</strong></span> <span class='ocrx_word' id='word_1_143' title='bbox 449 2058 616 2091; x_wconf 83' lang='lat' dir='ltr'><strong>Discursu</strong></span> <span class='ocrx_word' id='word_1_144' title='bbox 643 2057 756 2090; x_wconf 88' lang='lat' dir='ltr'><strong>fertur</strong></span> 
     </span>
     <span class='ocr_line' id='line_1_29' title="bbox 79 2111 757 2157; baseline -0.003 -12"><span class='ocrx_word' id='word_1_145' title='bbox 79 2111 191 2150; x_wconf 86' lang='lat' dir='ltr'><strong>vario,</strong></span> <span class='ocrx_word' id='word_1_146' title='bbox 227 2111 422 2157; x_wconf 88' lang='lat' dir='ltr'><strong>fluctusque</strong></span> <span class='ocrx_word' id='word_1_147' title='bbox 453 2112 605 2145; x_wconf 84' lang='lat' dir='ltr'><strong>ferentes</strong></span> <span class='ocrx_word' id='word_1_148' title='bbox 634 2111 757 2144; x_wconf 88' lang='lat' dir='ltr'><strong>Prose-</strong></span> 
     </span>
     <span class='ocr_line' id='line_1_30' title="bbox 80 2162 760 2210; baseline -0.001 -13"><span class='ocrx_word' id='word_1_149' title='bbox 80 2164 213 2210; x_wconf 89' lang='lat' dir='ltr'><strong>quitur,</strong></span> <span class='ocrx_word' id='word_1_150' title='bbox 226 2173 433 2210; x_wconf 82' lang='lat' dir='ltr'><strong>quassatque</strong></span> <span class='ocrx_word' id='word_1_151' title='bbox 446 2172 549 2210; x_wconf 86' lang='lat' dir='ltr'><strong>caput</strong></span> <span class='ocrx_word' id='word_1_152' title='bbox 558 2189 567 2205; x_wconf 90' lang='lat'>‚</span> <span class='ocrx_word' id='word_1_153' title='bbox 587 2162 673 2197; x_wconf 90' lang='lat' dir='ltr'><strong>dum</strong></span> <span class='ocrx_word' id='word_1_154' title='bbox 685 2164 760 2198; x_wconf 87' lang='lat' dir='ltr'><strong>vul-</strong></span> 
     </span>
     <span class='ocr_line' id='line_1_31' title="bbox 80 2215 760 2258; baseline 0.001 -9"><span class='ocrx_word' id='word_1_155' title='bbox 80 2230 164 2251; x_wconf 85' lang='lat' dir='ltr'>nere</span> <span class='ocrx_word' id='word_1_156' title='bbox 192 2230 300 2251; x_wconf 88' lang='lat' dir='ltr'><strong>saevus</strong></span> <span class='ocrx_word' id='word_1_157' title='bbox 326 2218 455 2251; x_wconf 81' lang='lat' dir='ltr'><strong>Laxato</strong></span> <span class='ocrx_word' id='word_1_158' title='bbox 483 2215 584 2251; x_wconf 76' lang='lat' dir='ltr'><strong>cadat</strong></span> <span class='ocrx_word' id='word_1_159' title='bbox 610 2217 735 2250; x_wconf 87' lang='lat' dir='ltr'><strong>hamus</strong></span> <span class='ocrx_word' id='word_1_160' title='bbox 751 2242 760 2258; x_wconf 74' lang='lat'>‚</span> 
     </span>
     <span class='ocr_line' id='line_1_32' title="bbox 81 2270 625 2316; baseline -0.002 -13"><span class='ocrx_word' id='word_1_161' title='bbox 81 2279 114 2303; x_wconf 87' lang='lat' dir='ltr'><strong>et</strong></span> <span class='ocrx_word' id='word_1_162' title='bbox 134 2282 194 2304; x_wconf 80' lang='lat' dir='ltr'><strong>ora</strong></span> <span class='ocrx_word' id='word_1_163' title='bbox 211 2270 365 2316; x_wconf 81' lang='lat' dir='ltr'><strong>patentia</strong></span> <span class='ocrx_word' id='word_1_164' title='bbox 384 2271 532 2316; x_wconf 89' lang='lat' dir='ltr'><strong>linquat.</strong></span> <span class='ocrx_word' id='word_1_165' title='bbox 555 2271 625 2303; x_wconf 81' lang='lat' dir='ltr'><strong>En.</strong></span> 
     </span>
    </p>

    <p class='ocr_par' dir='ltr' id='par_1_8' title="bbox 82 2322 762 2621">
     <span class='ocr_line' id='line_1_33' title="bbox 137 2322 756 2368; baseline -0.003 -11"><span class='ocrx_word' id='word_1_166' title='bbox 137 2336 167 2357; x_wconf 88' lang='grc' dir='ltr'><strong>Ι.</strong></span> <span class='ocrx_word' id='word_1_167' title='bbox 187 2324 326 2357; x_wconf 77' lang='lat' dir='ltr'><strong>Latmius</strong></span> <span class='ocrx_word' id='word_1_168' title='bbox 345 2324 512 2368; x_wconf 75' lang='lat' dir='ltr'><strong>Ezeganius</strong></span> <span class='ocrx_word' id='word_1_169' title='bbox 529 2322 606 2356; x_wconf 86' lang='lat' dir='ltr'><strong>cod.</strong></span> <span class='ocrx_word' id='word_1_170' title='bbox 621 2323 756 2357; x_wconf 87' lang='lat' dir='ltr'><strong>Beverl.</strong></span> 
     </span>
     <span class='ocr_line' id='line_1_34' title="bbox 82 2375 760 2421; baseline 0.001 -13"><span class='ocrx_word' id='word_1_171' title='bbox 82 2377 286 2418; x_wconf 79' lang='lat' dir='ltr'><strong>—Laneus,</strong></span> <span class='ocrx_word' id='word_1_172' title='bbox 305 2385 369 2410; x_wconf 88' lang='lat' dir='ltr'><strong>etc.</strong></span> <span class='ocrx_word' id='word_1_173' title='bbox 392 2375 488 2418; x_wconf 85' lang='lat' dir='ltr'><strong>Quid</strong></span> <span class='ocrx_word' id='word_1_174' title='bbox 512 2376 571 2409; x_wconf 90' lang='lat' dir='ltr'><strong>hic</strong></span> <span class='ocrx_word' id='word_1_175' title='bbox 590 2375 760 2421; x_wconf 79' lang='lat' dir='ltr'><strong>significet</strong></span> 
     </span>
     <span class='ocr_line' id='line_1_35' title="bbox 83 2428 759 2474; baseline 0.003 -14"><span class='ocrx_word' id='word_1_176' title='bbox 83 2428 210 2468; x_wconf 71' lang='lat' dir='ltr'><strong>laneus,</strong></span> <span class='ocrx_word' id='word_1_177' title='bbox 235 2437 269 2462; x_wconf 91' lang='lat' dir='ltr'><strong>et</strong></span> <span class='ocrx_word' id='word_1_178' title='bbox 291 2441 360 2474; x_wconf 88' lang='lat' dir='ltr'><strong>quo</strong></span> <span class='ocrx_word' id='word_1_179' title='bbox 390 2442 491 2463; x_wconf 89' lang='lat' dir='ltr'><strong>sensu</strong></span> <span class='ocrx_word' id='word_1_180' title='bbox 518 2428 561 2463; x_wconf 92' lang='lat' dir='ltr'><strong>de</strong></span> <span class='ocrx_word' id='word_1_181' title='bbox 582 2429 675 2474; x_wconf 87' lang='lat' dir='ltr'><strong>pisce</strong></span> <span class='ocrx_word' id='word_1_182' title='bbox 700 2436 759 2462; x_wconf 79' lang='lat' dir='ltr'><strong>aut</strong></span> 
     </span>
     <span class='ocr_line' id='line_1_36' title="bbox 83 2481 757 2527; baseline 0.001 -13"><span class='ocrx_word' id='word_1_183' title='bbox 83 2482 221 2514; x_wconf 85' lang='lat' dir='ltr'><strong>marino</strong></span> <span class='ocrx_word' id='word_1_184' title='bbox 236 2490 294 2514; x_wconf 88' lang='lat' dir='ltr'><strong>aut</strong></span> <span class='ocrx_word' id='word_1_185' title='bbox 310 2481 469 2515; x_wconf 86' lang='lat' dir='ltr'><strong>fluviatili</strong></span> <span class='ocrx_word' id='word_1_186' title='bbox 485 2482 596 2527; x_wconf 80' lang='lat' dir='ltr'><strong>accipi</strong></span> <span class='ocrx_word' id='word_1_187' title='bbox 615 2481 757 2520; x_wconf 87' lang='lat' dir='ltr'><strong>debeat,</strong></span> 
     </span>
     <span class='ocr_line' id='line_1_37' title="bbox 84 2533 761 2579; baseline 0.003 -13"><span class='ocrx_word' id='word_1_188' title='bbox 84 2534 120 2567; x_wconf 87' lang='lat' dir='ltr'><strong>in</strong></span> <span class='ocrx_word' id='word_1_189' title='bbox 148 2533 315 2579; x_wconf 85' lang='lat' dir='ltr'><strong>ambiguo</strong></span> <span class='ocrx_word' id='word_1_190' title='bbox 349 2543 409 2568; x_wconf 89' lang='lat' dir='ltr'><strong>est.</strong></span> <span class='ocrx_word' id='word_1_191' title='bbox 436 2535 610 2568; x_wconf 84' lang='lat' dir='ltr'><strong>Colorene</strong></span> <span class='ocrx_word' id='word_1_192' title='bbox 641 2534 761 2568; x_wconf 80' lang='lat' dir='ltr'><strong>albus?</strong></span> 
     </span>
     <span class='ocr_line' id='line_1_38' title="bbox 86 2586 762 2621; baseline 0.001 -2"><span class='ocrx_word' id='word_1_193' title='bbox 86 2598 128 2620; x_wconf 88' lang='lat' dir='ltr'><strong>an</strong></span> <span class='ocrx_word' id='word_1_194' title='bbox 164 2599 266 2621; x_wconf 82' lang='lat' dir='ltr'><strong>carne</strong></span> <span class='ocrx_word' id='word_1_195' title='bbox 298 2587 412 2620; x_wconf 89' lang='lat' dir='ltr'><strong>mollis</strong></span> <span class='ocrx_word' id='word_1_196' title='bbox 431 2586 445 2620; x_wconf 65' lang='grc' dir='ltr'>Ρ</span> <span class='ocrx_word' id='word_1_197' title='bbox 485 2600 527 2620; x_wconf 86' lang='lat' dir='ltr'><strong>au</strong></span> <span class='ocrx_word' id='word_1_198' title='bbox 562 2586 762 2621; x_wconf 83' lang='lat' dir='ltr'><strong>mandendo</strong></span> 
     </span>
    </p>
   </div>
   <div class='ocr_carea' id='block_1_8' title="bbox 799 1042 1498 2620">
    <p class='ocr_par' dir='ltr' id='par_1_9' title="bbox 799 1042 1493 1994">
     <span class='ocr_line' id='line_1_39' title="bbox 799 1042 1479 1088; baseline -0.004 -9"><span class='ocrx_word' id='word_1_199' title='bbox 799 1057 1005 1085; x_wconf 87' lang='lat' dir='ltr'><strong>araneosus,</strong></span> <span class='ocrx_word' id='word_1_200' title='bbox 1029 1052 1068 1077; x_wconf 93' lang='lat' dir='ltr'><strong>ut</strong></span> <span class='ocrx_word' id='word_1_201' title='bbox 1098 1043 1142 1076; x_wconf 92' lang='lat' dir='ltr'><strong>de</strong></span> <span class='ocrx_word' id='word_1_202' title='bbox 1170 1042 1346 1076; x_wconf 83' lang='lat' dir='ltr'><strong>colocasiis</strong></span> <span class='ocrx_word' id='word_1_203' title='bbox 1375 1055 1479 1088; x_wconf 83' lang='lat' dir='ltr'><strong>supra</strong></span> 
     </span>
     <span class='ocr_line' id='line_1_40' title="bbox 800 1095 1480 1145; baseline -0.006 -13"><span class='ocrx_word' id='word_1_204' title='bbox 800 1099 908 1145; x_wconf 83' lang='lat' dir='ltr'><strong>epigr.</strong></span> <span class='ocrx_word' id='word_1_205' title='bbox 928 1097 1031 1131; x_wconf 76' lang='lat' dir='ltr'><strong>LVII?</strong></span> <span class='ocrx_word' id='word_1_206' title='bbox 1050 1110 1094 1130; x_wconf 84' lang='lat' dir='ltr'><strong>an</strong></span> <span class='ocrx_word' id='word_1_207' title='bbox 1108 1096 1234 1130; x_wconf 83' lang='lat' dir='ltr'><strong>alludit</strong></span> <span class='ocrx_word' id='word_1_208' title='bbox 1248 1095 1291 1130; x_wconf 83' lang='lat' dir='ltr'><strong>ad</strong></span> <span class='ocrx_word' id='word_1_209' title='bbox 1302 1096 1480 1141; x_wconf 83' lang='lat' dir='ltr'><strong>Euganeas</strong></span> 
     </span>
     <span class='ocr_line' id='line_1_41' title="bbox 801 1149 1483 1195; baseline -0.006 -10"><span class='ocrx_word' id='word_1_210' title='bbox 801 1160 835 1185; x_wconf 90' lang='lat' dir='ltr'><strong>et</strong></span> <span class='ocrx_word' id='word_1_211' title='bbox 856 1151 1027 1186; x_wconf 85' lang='lat' dir='ltr'><strong>Altinates</strong></span> <span class='ocrx_word' id='word_1_212' title='bbox 1054 1162 1135 1184; x_wconf 92' lang='lat' dir='ltr'><strong>oves</strong></span> <span class='ocrx_word' id='word_1_213' title='bbox 1159 1151 1258 1195; x_wconf 87' lang='lat' dir='ltr'><strong>juxta</strong></span> <span class='ocrx_word' id='word_1_214' title='bbox 1271 1149 1457 1182; x_wconf 86' lang='lat' dir='ltr'><strong>Timavum</strong></span> <span class='ocrx_word' id='word_1_215' title='bbox 1473 1175 1483 1190; x_wconf 90' lang='lat'>‚</span> 
     </span>
     <span class='ocr_line' id='line_1_42' title="bbox 802 1201 1482 1251; baseline -0.006 -13"><span class='ocrx_word' id='word_1_216' title='bbox 802 1217 878 1251; x_wconf 87' lang='lat' dir='ltr'><strong>quae</strong></span> <span class='ocrx_word' id='word_1_217' title='bbox 903 1205 1063 1238; x_wconf 88' lang='lat' dir='ltr'><strong>lanarum</strong></span> <span class='ocrx_word' id='word_1_218' title='bbox 1089 1203 1236 1236; x_wconf 84' lang='lat' dir='ltr'><strong>mollitie</strong></span> <span class='ocrx_word' id='word_1_219' title='bbox 1267 1201 1482 1243; x_wconf 80' lang='lat' dir='ltr'><strong>laudantur,</strong></span> 
     </span>
     <span class='ocr_line' id='line_1_43' title="bbox 806 1256 1486 1303; baseline -0.007 -11"><span class='ocrx_word' id='word_1_220' title='bbox 806 1257 902 1292; x_wconf 90' lang='lat' dir='ltr'><strong>unde</strong></span> <span class='ocrx_word' id='word_1_221' title='bbox 921 1265 955 1291; x_wconf 89' lang='lat' dir='ltr'><strong>et</strong></span> <span class='ocrx_word' id='word_1_222' title='bbox 975 1257 1112 1303; x_wconf 91' lang='lat' dir='ltr'><strong>poetice</strong></span> <span class='ocrx_word' id='word_1_223' title='bbox 1134 1256 1288 1302; x_wconf 89' lang='lat' dir='ltr'><strong>piscibus</strong></span> <span class='ocrx_word' id='word_1_224' title='bbox 1316 1267 1376 1288; x_wconf 79' lang='lat' dir='ltr'><strong>ora</strong></span> <span class='ocrx_word' id='word_1_225' title='bbox 1396 1257 1486 1301; x_wconf 86' lang='lat' dir='ltr'><strong>ejus-</strong></span> 
     </span>
     <span class='ocr_line' id='line_1_44' title="bbox 806 1308 1484 1357; baseline -0.006 -12"><span class='ocrx_word' id='word_1_226' title='bbox 806 1310 886 1345; x_wconf 87' lang='lat' dir='ltr'><strong>dem</strong></span> <span class='ocrx_word' id='word_1_227' title='bbox 897 1310 934 1344; x_wconf 86' lang='lat' dir='ltr'><strong>fl.</strong></span> <span class='ocrx_word' id='word_1_228' title='bbox 948 1310 1205 1357; x_wconf 86' lang='lat' dir='ltr'><strong>excipientibus</strong></span> <span class='ocrx_word' id='word_1_229' title='bbox 1224 1308 1316 1342; x_wconf 87' lang='lat' dir='ltr'><strong>idem</strong></span> <span class='ocrx_word' id='word_1_230' title='bbox 1334 1308 1484 1342; x_wconf 84' lang='lat' dir='ltr'><strong>tribuit?</strong></span> 
     </span>
     <span class='ocr_line' id='line_1_45' title="bbox 807 1362 1485 1410; baseline -0.004 -12"><span class='ocrx_word' id='word_1_231' title='bbox 807 1363 947 1398; x_wconf 85' lang='lat' dir='ltr'><strong>Addam</strong></span> <span class='ocrx_word' id='word_1_232' title='bbox 976 1362 1072 1410; x_wconf 91' lang='lat' dir='ltr'><strong>quod</strong></span> <span class='ocrx_word' id='word_1_233' title='bbox 1096 1363 1268 1396; x_wconf 83' lang='lat' dir='ltr'><strong>Gruterus</strong></span> <span class='ocrx_word' id='word_1_234' title='bbox 1295 1362 1421 1396; x_wconf 85' lang='lat' dir='ltr'><strong>refert:</strong></span> <span class='ocrx_word' id='word_1_235' title='bbox 1448 1362 1485 1395; x_wconf 85' lang='lat' dir='ltr'><strong>Si</strong></span> 
     </span>
     <span class='ocr_line' id='line_1_46' title="bbox 809 1415 1486 1464; baseline -0.003 -13"><span class='ocrx_word' id='word_1_236' title='bbox 809 1418 887 1464; x_wconf 91' lang='lat' dir='ltr'><strong>quis</strong></span> <span class='ocrx_word' id='word_1_237' title='bbox 903 1430 1025 1463; x_wconf 84' lang='lat' dir='ltr'><strong>carpos</strong></span> <span class='ocrx_word' id='word_1_238' title='bbox 1044 1425 1079 1451; x_wconf 89' lang='lat' dir='ltr'><strong>et</strong></span> <span class='ocrx_word' id='word_1_239' title='bbox 1097 1417 1207 1450; x_wconf 91' lang='lat' dir='ltr'><strong>lucios</strong></span> <span class='ocrx_word' id='word_1_240' title='bbox 1229 1415 1413 1448; x_wconf 87' lang='lat' dir='ltr'><strong>immiserit</strong></span> <span class='ocrx_word' id='word_1_241' title='bbox 1433 1428 1486 1449; x_wconf 87' lang='lat' dir='ltr'><strong>sa-</strong></span> 
     </span>
     <span class='ocr_line' id='line_1_47' title="bbox 809 1468 1487 1516; baseline -0.004 -12"><span class='ocrx_word' id='word_1_242' title='bbox 809 1471 977 1504; x_wconf 87' lang='lat' dir='ltr'><strong>lientibus</strong></span> <span class='ocrx_word' id='word_1_243' title='bbox 1011 1483 1110 1516; x_wconf 74' lang='lat' dir='ltr'><strong>aquae</strong></span> <span class='ocrx_word' id='word_1_244' title='bbox 1148 1468 1338 1516; x_wconf 79' lang='lat' dir='ltr'><strong>frigidioris</strong></span> <span class='ocrx_word' id='word_1_245' title='bbox 1353 1494 1362 1510; x_wconf 93' lang='lat'>‚</span> <span class='ocrx_word' id='word_1_246' title='bbox 1394 1468 1487 1502; x_wconf 82' lang='lat' dir='ltr'><strong>intra</strong></span> 
     </span>
     <span class='ocr_line' id='line_1_48' title="bbox 808 1522 1487 1568; baseline -0.006 -10"><span class='ocrx_word' id='word_1_247' title='bbox 808 1537 852 1558; x_wconf 89' lang='lat' dir='ltr'><strong>xx</strong></span> <span class='ocrx_word' id='word_1_248' title='bbox 874 1523 968 1557; x_wconf 88' lang='lat' dir='ltr'><strong>diem</strong></span> <span class='ocrx_word' id='word_1_249' title='bbox 997 1524 1088 1557; x_wconf 84' lang='lat' dir='ltr'><strong>fiunt</strong></span> <span class='ocrx_word' id='word_1_250' title='bbox 1115 1535 1223 1568; x_wconf 84' lang='lat' dir='ltr'><strong>supra</strong></span> <span class='ocrx_word' id='word_1_251' title='bbox 1247 1530 1365 1555; x_wconf 91' lang='lat' dir='ltr'><strong>cutem</strong></span> <span class='ocrx_word' id='word_1_252' title='bbox 1388 1522 1487 1568; x_wconf 83' lang='lat' dir='ltr'><strong>quasi</strong></span> 
     </span>
     <span class='ocr_line' id='line_1_49' title="bbox 808 1574 1486 1611; baseline -0.003 0"><span class='ocrx_word' id='word_1_253' title='bbox 808 1578 921 1611; x_wconf 81' lang='lat' dir='ltr'><strong>lanei:</strong></span> <span class='ocrx_word' id='word_1_254' title='bbox 954 1577 1056 1611; x_wconf 85' lang='lat' dir='ltr'><strong>villos</strong></span> <span class='ocrx_word' id='word_1_255' title='bbox 1088 1585 1184 1610; x_wconf 88' lang='lat' dir='ltr'><strong>certe</strong></span> <span class='ocrx_word' id='word_1_256' title='bbox 1214 1574 1381 1609; x_wconf 83' lang='lat' dir='ltr'><strong>exhibent</strong></span> <span class='ocrx_word' id='word_1_257' title='bbox 1411 1583 1486 1609; x_wconf 87' lang='lat' dir='ltr'><strong>toto</strong></span> 
     </span>
     <span class='ocr_line' id='line_1_50' title="bbox 809 1628 1488 1669; baseline -0.003 -5"><span class='ocrx_word' id='word_1_258' title='bbox 809 1630 915 1664; x_wconf 85' lang='lat' dir='ltr'><strong>dorso</strong></span> <span class='ocrx_word' id='word_1_259' title='bbox 947 1629 1119 1664; x_wconf 84' lang='lat' dir='ltr'><strong>notabiles</strong></span> <span class='ocrx_word' id='word_1_260' title='bbox 1151 1629 1269 1662; x_wconf 90' lang='lat' dir='ltr'><strong>colore</strong></span> <span class='ocrx_word' id='word_1_261' title='bbox 1300 1628 1460 1662; x_wconf 84' lang='lat' dir='ltr'><strong>cineritio</strong></span> <span class='ocrx_word' id='word_1_262' title='bbox 1477 1640 1488 1669; x_wconf 91' lang='lat'><strong>;</strong></span> 
     </span>
     <span class='ocr_line' id='line_1_51' title="bbox 809 1681 1489 1730; baseline -0.004 -13"><span class='ocrx_word' id='word_1_263' title='bbox 809 1684 851 1717; x_wconf 90' lang='lat' dir='ltr'><strong>iis</strong></span> <span class='ocrx_word' id='word_1_264' title='bbox 867 1683 1080 1730; x_wconf 80' lang='lat' dir='ltr'><strong>praesertim,</strong></span> <span class='ocrx_word' id='word_1_265' title='bbox 1098 1695 1185 1727; x_wconf 90' lang='lat' dir='ltr'><strong>quos</strong></span> <span class='ocrx_word' id='word_1_266' title='bbox 1201 1681 1391 1728; x_wconf 84' lang='lat' dir='ltr'><strong>piscatores</strong></span> <span class='ocrx_word' id='word_1_267' title='bbox 1404 1694 1489 1715; x_wconf 90' lang='lat' dir='ltr'><strong>ven-</strong></span> 
     </span>
     <span class='ocr_line' id='line_1_52' title="bbox 811 1734 1488 1781; baseline -0.006 -11"><span class='ocrx_word' id='word_1_268' title='bbox 811 1736 941 1771; x_wconf 85' lang='lat' dir='ltr'><strong>debant</strong></span> <span class='ocrx_word' id='word_1_269' title='bbox 959 1736 1099 1770; x_wconf 75' lang='lat' dir='ltr'><strong>familiae</strong></span> <span class='ocrx_word' id='word_1_270' title='bbox 1117 1737 1192 1781; x_wconf 89' lang='lat' dir='ltr'><strong>ejus</strong></span> <span class='ocrx_word' id='word_1_271' title='bbox 1209 1747 1275 1781; x_wconf 83' lang='lat' dir='ltr'><strong>pro</strong></span> <span class='ocrx_word' id='word_1_272' title='bbox 1295 1734 1488 1775; x_wconf 85' lang='lat' dir='ltr'><strong>Rhenanis,</strong></span> 
     </span>
     <span class='ocr_line' id='line_1_53' title="bbox 811 1787 1491 1836; baseline -0.006 -13"><span class='ocrx_word' id='word_1_273' title='bbox 811 1803 921 1836; x_wconf 88' lang='lat' dir='ltr'><strong>quum</strong></span> <span class='ocrx_word' id='word_1_274' title='bbox 965 1797 1078 1823; x_wconf 90' lang='lat' dir='ltr'><strong>essent</strong></span> <span class='ocrx_word' id='word_1_275' title='bbox 1112 1789 1289 1822; x_wconf 83' lang='lat' dir='ltr'><strong>lacustres.</strong></span> <span class='ocrx_word' id='word_1_276' title='bbox 1326 1787 1491 1820; x_wconf 86' lang='lat' dir='ltr'><strong>Faciatne</strong></span> 
     </span>
     <span class='ocr_line' id='line_1_54' title="bbox 813 1839 1490 1886; baseline -0.007 -9"><span class='ocrx_word' id='word_1_277' title='bbox 813 1842 907 1877; x_wconf 83' lang='lat' dir='ltr'><strong>istud</strong></span> <span class='ocrx_word' id='word_1_278' title='bbox 932 1842 1087 1877; x_wconf 78' lang='lat' dir='ltr'><strong>Martiali</strong></span> <span class='ocrx_word' id='word_1_279' title='bbox 1115 1839 1383 1886; x_wconf 83' lang='lat' dir='ltr'><strong>interpretando</strong></span> <span class='ocrx_word' id='word_1_280' title='bbox 1399 1866 1408 1881; x_wconf 92' lang='lat'>‚</span> <span class='ocrx_word' id='word_1_281' title='bbox 1436 1840 1490 1873; x_wconf 85' lang='lat' dir='ltr'><strong>di-</strong></span> 
     </span>
     <span class='ocr_line' id='line_1_55' title="bbox 810 1894 1490 1943; baseline -0.007 -13"><span class='ocrx_word' id='word_1_282' title='bbox 810 1896 968 1943; x_wconf 87' lang='lat' dir='ltr'><strong>judicent</strong></span> <span class='ocrx_word' id='word_1_283' title='bbox 989 1896 1116 1942; x_wconf 90' lang='lat' dir='ltr'><strong>quibus</strong></span> <span class='ocrx_word' id='word_1_284' title='bbox 1141 1895 1295 1940; x_wconf 86' lang='lat' dir='ltr'><strong>palatum</strong></span> <span class='ocrx_word' id='word_1_285' title='bbox 1317 1894 1419 1939; x_wconf 87' lang='lat' dir='ltr'><strong>sapit.</strong></span> <span class='ocrx_word' id='word_1_286' title='bbox 1438 1915 1490 1920; x_wconf 88' lang='lat'><strong>-—</strong></span> 
     </span>
     <span class='ocr_line' id='line_1_56' title="bbox 819 1946 1493 1994; baseline -0.004 -11"><span class='ocrx_word' id='word_1_287' title='bbox 819 1951 952 1984; x_wconf 66' lang='lat' dir='ltr'><strong>Timavi.</strong></span> <span class='ocrx_word' id='word_1_288' title='bbox 970 1950 1050 1982; x_wconf 88' lang='lat' dir='ltr'><strong>Lib.</strong></span> <span class='ocrx_word' id='word_1_289' title='bbox 1070 1949 1137 1989; x_wconf 93' lang='lat' dir='ltr'><strong>IV,</strong></span> <span class='ocrx_word' id='word_1_290' title='bbox 1155 1948 1264 1994; x_wconf 78' lang='lat' dir='ltr'><strong>epigr.</strong></span> <span class='ocrx_word' id='word_1_291' title='bbox 1282 1959 1349 1980; x_wconf 84' lang='lat' dir='ltr'><strong>xxv</strong></span> <span class='ocrx_word' id='word_1_292' title='bbox 1361 1972 1370 1987; x_wconf 90' lang='lat'>‚</span> <span class='ocrx_word' id='word_1_293' title='bbox 1388 1959 1437 1981; x_wconf 82' lang='lat' dir='ltr'><strong>vs.</strong></span> <span class='ocrx_word' id='word_1_294' title='bbox 1457 1946 1493 1981; x_wconf 80' lang='lat'><strong>5.</strong></span> 
     </span>
    </p>

    <p class='ocr_par' dir='ltr' id='par_1_10' title="bbox 815 2000 1498 2620">
     <span class='ocr_line' id='line_1_57' title="bbox 870 2000 1491 2049; baseline -0.008 -12"><span class='ocrx_word' id='word_1_295' title='bbox 870 2016 903 2037; x_wconf 85' lang='lat'><strong>2.</strong></span> <span class='ocrx_word' id='word_1_296' title='bbox 920 2003 1087 2049; x_wconf 81' lang='lat' dir='ltr'><strong>AEquoreo</strong></span> <span class='ocrx_word' id='word_1_297' title='bbox 1105 2001 1225 2041; x_wconf 73' lang='lat' dir='ltr'><strong>dulces,</strong></span> <span class='ocrx_word' id='word_1_298' title='bbox 1249 2009 1314 2033; x_wconf 90' lang='lat' dir='ltr'><strong>etc.</strong></span> <span class='ocrx_word' id='word_1_299' title='bbox 1332 2000 1491 2046; x_wconf 82' lang='lat' dir='ltr'><strong>Namque</strong></span> 
     </span>
     <span class='ocr_line' id='line_1_58' title="bbox 815 2052 1493 2101; baseline -0.006 -12"><span class='ocrx_word' id='word_1_300' title='bbox 815 2056 867 2089; x_wconf 91' lang='lat' dir='ltr'><strong>illi</strong></span> <span class='ocrx_word' id='word_1_301' title='bbox 895 2056 972 2101; x_wconf 87' lang='lat' dir='ltr'><strong>lupi</strong></span> <span class='ocrx_word' id='word_1_302' title='bbox 1005 2063 1088 2089; x_wconf 87' lang='lat' dir='ltr'><strong>sunt</strong></span> <span class='ocrx_word' id='word_1_303' title='bbox 1114 2053 1343 2088; x_wconf 84' lang='lat' dir='ltr'><strong>laudatissimi</strong></span> <span class='ocrx_word' id='word_1_304' title='bbox 1370 2054 1429 2098; x_wconf 89' lang='lat' dir='ltr'><strong>qui</strong></span> <span class='ocrx_word' id='word_1_305' title='bbox 1450 2052 1493 2086; x_wconf 85' lang='lat' dir='ltr'><strong>ad</strong></span> 
     </span>
     <span class='ocr_line' id='line_1_59' title="bbox 817 2105 1495 2153; baseline -0.006 -10"><span class='ocrx_word' id='word_1_306' title='bbox 817 2109 905 2143; x_wconf 86' lang='lat' dir='ltr'><strong>ostia</strong></span> <span class='ocrx_word' id='word_1_307' title='bbox 925 2108 1117 2142; x_wconf 87' lang='lat' dir='ltr'><strong>fluviorum</strong></span> <span class='ocrx_word' id='word_1_308' title='bbox 1136 2107 1269 2153; x_wconf 84' lang='lat' dir='ltr'><strong>degunt</strong></span> <span class='ocrx_word' id='word_1_309' title='bbox 1284 2132 1292 2147; x_wconf 94' lang='lat'>‚</span> <span class='ocrx_word' id='word_1_310' title='bbox 1314 2105 1410 2139; x_wconf 88' lang='lat' dir='ltr'><strong>dulci</strong></span> <span class='ocrx_word' id='word_1_311' title='bbox 1432 2119 1495 2152; x_wconf 84' lang='lat' dir='ltr'><strong>pa-</strong></span> 
     </span>
     <span class='ocr_line' id='line_1_60' title="bbox 817 2158 1496 2207; baseline -0.006 -11"><span class='ocrx_word' id='word_1_312' title='bbox 817 2163 903 2196; x_wconf 84' lang='lat' dir='ltr'><strong>riter</strong></span> <span class='ocrx_word' id='word_1_313' title='bbox 933 2175 971 2196; x_wconf 87' lang='lat' dir='ltr'><strong>ac</strong></span> <span class='ocrx_word' id='word_1_314' title='bbox 998 2162 1084 2195; x_wconf 82' lang='lat' dir='ltr'><strong>salsa</strong></span> <span class='ocrx_word' id='word_1_315' title='bbox 1114 2174 1203 2207; x_wconf 88' lang='lat' dir='ltr'><strong>aqua</strong></span> <span class='ocrx_word' id='word_1_316' title='bbox 1230 2158 1496 2206; x_wconf 84' lang='lat' dir='ltr'><strong>pasti.Vicletur</strong></span> 
     </span>
     <span class='ocr_line' id='line_1_61' title="bbox 817 2214 1495 2260; baseline -0.007 -10"><span class='ocrx_word' id='word_1_317' title='bbox 817 2225 933 2250; x_wconf 83' lang='lat' dir='ltr'><strong>tamen</strong></span> <span class='ocrx_word' id='word_1_318' title='bbox 952 2215 1095 2249; x_wconf 87' lang='lat' dir='ltr'><strong>maximi</strong></span> <span class='ocrx_word' id='word_1_319' title='bbox 1115 2225 1255 2260; x_wconf 90' lang='lat' dir='ltr'><strong>quoque</strong></span> <span class='ocrx_word' id='word_1_320' title='bbox 1276 2226 1334 2246; x_wconf 86' lang='lat' dir='ltr'><strong>eos</strong></span> <span class='ocrx_word' id='word_1_321' title='bbox 1354 2214 1495 2246; x_wconf 79' lang='lat' dir='ltr'><strong>aestima-</strong></span> 
     </span>
     <span class='ocr_line' id='line_1_62' title="bbox 819 2266 1496 2314; baseline -0.006 -11"><span class='ocrx_word' id='word_1_322' title='bbox 819 2278 871 2303; x_wconf 92' lang='lat' dir='ltr'><strong>tos</strong></span> <span class='ocrx_word' id='word_1_323' title='bbox 888 2269 991 2302; x_wconf 83' lang='lat' dir='ltr'><strong>fuisse</strong></span> <span class='ocrx_word' id='word_1_324' title='bbox 1007 2269 1069 2314; x_wconf 88' lang='lat' dir='ltr'><strong>qui</strong></span> <span class='ocrx_word' id='word_1_325' title='bbox 1085 2269 1222 2308; x_wconf 73' lang='lat' dir='ltr'><strong>Romae,</strong></span> <span class='ocrx_word' id='word_1_326' title='bbox 1239 2267 1311 2312; x_wconf 84' lang='lat' dir='ltr'><strong>ipsa</strong></span> <span class='ocrx_word' id='word_1_327' title='bbox 1330 2266 1364 2299; x_wconf 93' lang='lat' dir='ltr'><strong>in</strong></span> <span class='ocrx_word' id='word_1_328' title='bbox 1390 2267 1496 2307; x_wconf 87' lang='lat' dir='ltr'><strong>urbe,</strong></span> 
     </span>
     <span class='ocr_line' id='line_1_63' title="bbox 819 2318 1496 2366; baseline -0.004 -11"><span class='ocrx_word' id='word_1_329' title='bbox 819 2323 910 2356; x_wconf 81' lang='lat' dir='ltr'><strong>inter</strong></span> <span class='ocrx_word' id='word_1_330' title='bbox 930 2320 1020 2355; x_wconf 88' lang='lat' dir='ltr'><strong>duos</strong></span> <span class='ocrx_word' id='word_1_331' title='bbox 1042 2329 1167 2366; x_wconf 88' lang='lat' dir='ltr'><strong>pontes</strong></span> <span class='ocrx_word' id='word_1_332' title='bbox 1187 2319 1281 2365; x_wconf 86' lang='lat' dir='ltr'><strong>capti</strong></span> <span class='ocrx_word' id='word_1_333' title='bbox 1302 2328 1425 2352; x_wconf 85' lang='lat' dir='ltr'><strong>essent.</strong></span> <span class='ocrx_word' id='word_1_334' title='bbox 1439 2318 1496 2352; x_wconf 90' lang='lat' dir='ltr'><strong>Ad</strong></span> 
     </span>
     <span class='ocr_line' id='line_1_64' title="bbox 819 2371 1495 2421; baseline -0.009 -12"><span class='ocrx_word' id='word_1_335' title='bbox 819 2374 915 2421; x_wconf 90' lang='lat' dir='ltr'><strong>quod</strong></span> <span class='ocrx_word' id='word_1_336' title='bbox 929 2382 1060 2420; x_wconf 88' lang='lat' dir='ltr'><strong>spectat</strong></span> <span class='ocrx_word' id='word_1_337' title='bbox 1074 2373 1306 2407; x_wconf 83' lang='lat' dir='ltr'><strong>Horatianum</strong></span> <span class='ocrx_word' id='word_1_338' title='bbox 1319 2371 1405 2404; x_wconf 82' lang='lat' dir='ltr'><strong>illud</strong></span> <span class='ocrx_word' id='word_1_339' title='bbox 1415 2397 1425 2413; x_wconf 89' lang='lat'>‚</span> <span class='ocrx_word' id='word_1_340' title='bbox 1437 2372 1495 2405; x_wconf 92' lang='lat' dir='ltr'><strong>lib.</strong></span> 
     </span>
     <span class='ocr_line' id='line_1_65' title="bbox 820 2425 1496 2469; baseline -0.007 -8"><span class='ocrx_word' id='word_1_341' title='bbox 820 2430 855 2461; x_wconf 90' lang='lat' dir='ltr'><strong>II</strong></span> <span class='ocrx_word' id='word_1_342' title='bbox 866 2454 874 2469; x_wconf 89' lang='lat'>‚</span> <span class='ocrx_word' id='word_1_343' title='bbox 887 2437 947 2462; x_wconf 88' lang='lat' dir='ltr'><strong>sat.</strong></span> <span class='ocrx_word' id='word_1_344' title='bbox 960 2440 1002 2469; x_wconf 90' lang='lat'><strong>11,</strong></span> <span class='ocrx_word' id='word_1_345' title='bbox 1016 2428 1078 2462; x_wconf 86' lang='lat'><strong>31:</strong></span> <span class='ocrx_word' id='word_1_346' title='bbox 1095 2445 1108 2457; x_wconf 59' lang='grc' dir='ltr'><strong>«ι</strong></span> <span class='ocrx_word' id='word_1_347' title='bbox 1122 2426 1228 2459; x_wconf 88' lang='lat' dir='ltr'><strong>Unde</strong></span> <span class='ocrx_word' id='word_1_348' title='bbox 1242 2425 1362 2459; x_wconf 82' lang='lat' dir='ltr'><strong>datum</strong></span> <span class='ocrx_word' id='word_1_349' title='bbox 1376 2425 1496 2467; x_wconf 85' lang='lat' dir='ltr'><strong>sentis,</strong></span> 
     </span>
     <span class='ocr_line' id='line_1_66' title="bbox 819 2478 1497 2527; baseline -0.007 -12"><span class='ocrx_word' id='word_1_350' title='bbox 819 2482 924 2527; x_wconf 88' lang='lat' dir='ltr'><strong>lupus</strong></span> <span class='ocrx_word' id='word_1_351' title='bbox 934 2481 992 2514; x_wconf 85' lang='lat' dir='ltr'><strong>hic</strong></span> <span class='ocrx_word' id='word_1_352' title='bbox 1005 2480 1194 2513; x_wconf 82' lang='lat' dir='ltr'><strong>Tiberinus</strong></span> <span class='ocrx_word' id='word_1_353' title='bbox 1204 2505 1213 2521; x_wconf 83' lang='lat'>,</span> <span class='ocrx_word' id='word_1_354' title='bbox 1227 2491 1269 2511; x_wconf 88' lang='lat' dir='ltr'><strong>an</strong></span> <span class='ocrx_word' id='word_1_355' title='bbox 1284 2478 1352 2511; x_wconf 82' lang='lat' dir='ltr'><strong>alto</strong></span> <span class='ocrx_word' id='word_1_356' title='bbox 1368 2478 1497 2523; x_wconf 78' lang='lat' dir='ltr'><strong>Captus</strong></span> 
     </span>
     <span class='ocr_line' id='line_1_67' title="bbox 821 2530 1498 2579; baseline -0.007 -12"><span class='ocrx_word' id='word_1_357' title='bbox 821 2533 916 2567; x_wconf 77' lang='lat' dir='ltr'><strong>hiet?</strong></span> <span class='ocrx_word' id='word_1_358' title='bbox 930 2542 1054 2579; x_wconf 83' lang='lat' dir='ltr'><strong>pontes</strong></span> <span class='ocrx_word' id='word_1_359' title='bbox 1062 2533 1317 2577; x_wconf 72' lang='lat' dir='ltr'><strong>iiiterjactatu8‚</strong></span> <span class='ocrx_word' id='word_1_360' title='bbox 1331 2543 1373 2563; x_wconf 85' lang='lat' dir='ltr'><strong>an</strong></span> <span class='ocrx_word' id='word_1_361' title='bbox 1388 2530 1498 2563; x_wconf 80' lang='lat' dir='ltr'><strong>amnis</strong></span> 
     </span>
     <span class='ocr_line' id='line_1_68' title="bbox 824 2584 1265 2620; baseline -0.009 0"><span class='ocrx_word' id='word_1_362' title='bbox 824 2587 919 2620; x_wconf 75' lang='lat' dir='ltr'><strong>Ostia</strong></span> <span class='ocrx_word' id='word_1_363' title='bbox 939 2587 1003 2620; x_wconf 86' lang='lat' dir='ltr'><strong>sub</strong></span> <span class='ocrx_word' id='word_1_364' title='bbox 1022 2584 1149 2618; x_wconf 80' lang='lat' dir='ltr'><strong>Tusci?</strong></span> <span class='ocrx_word' id='word_1_365' title='bbox 1164 2602 1176 2614; x_wconf 68' lang='grc' dir='ltr'><strong>»ι</strong></span> <span class='ocrx_word' id='word_1_366' title='bbox 1199 2585 1265 2617; x_wconf 83' lang='lat' dir='ltr'><strong>En.</strong></span> 
     </span>
    </p>
   </div>
  </div>
 </body>
</html>
