1901 3259
317 247 899 294 EPIGRAMMATUM
937 247 1060 290 LIB.
1101 246 1248 288 XIII.

1389 228 1487 287 135'

585 398 979 457 LXXVIII.

533 532 1029 583 ΡοΙὶΡΗΥΜΟΝΕεἶι

142 675 316 718 NOMEN
344 674 476 718 habet
499 676 645 735 magni
668 673 857 718 volucris
882 683 969 717 tam
996 688 1132 733 parva
1157 670 1368 733 gigantis?

214 746 272 788 Et
300 761 462 788 nomen
491 746 657 789 Prasini
686 745 997 805 Porphyrionis
1022 743 1166 787 habet.

144 850 310 910 Οὕνομα
338 849 506 909 τοσσίχη
538 851 639 910 ὅρνις
668 852 748 909 ἔχει
780 848 970 910 μεγάλοιο
1005 849 1213 909 Γίγαντος·

213 921 379 979 Οὕνομα
401 921 468 962 καὶ
489 921 688 980 [Igno-{voa
712 920 991 980 Πορφυρίωνος
1015 921 1107 978 ἔχει.

125 1029 140 1044 ⁴¹
155 1035 398 1082 Porpliywiones.
415 1035 506 1067 Aves
522 1034 651 1067 scilicet
668 1035 748 1080 qui-

72 1087 136 1121 bus
159 1081 208 1131 (si
227 1100 245 1121 e
272 1089 441 1121 Veterum
466 1087 674 1121 testimoniis
693 1100 750 1121 eas

71 1138 294 1187 descripsisse
308 1149 446 1186 gratum
457 1141 542 1181 erit,
560 1153 641 1174 nam
657 1153 750 1186 quae-

71 1205 153 1228 nam
171 1207 219 1228 eae
237 1195 308 1228 sint
326 1194 363 1227 in
382 1191 561 1235 incerto),
582 1202 694 1227 rostra
715 1202 750 1227 et

70 1248 245 1293 praelonga
274 1260 377 1281 crura
404 1259 586 1293 purpureo
618 1248 748 1281 rubore

71 1300 218 1334 mirifice
246 1300 557 1347 exspkndescunt,
580 1301 747 1334 caeruleus

70 1353 210 1399 reliquo
241 1355 383 1399 corpori
408 1355 498 1387 inest
527 1354 641 1396 color,
659 1354 746 1387 albi-

71 1415 170 1440 cante
211 1408 247 1440 in
285 1408 439 1441 cinerem
480 1406 594 1441 media
631 1406 748 1440 caudae

70 1467 234 1493 extremae
268 1469 368 1506 parte
382 1486 391 1502 ,
425 1461 748 1506 nigricantibusque

71 1513 191 1547 oculis.
221 1514 398 1556 AElianus,
428 1513 608 1548 Animaut.
639 1514 720 1547 hist.
735 1539 743 1554 ,

69 1565 129 1599 lib.
145 1567 219 1608 III,
235 1579 311 1613 cap.
330 1571 396 1608 42,
422 1568 668 1613 Porphyriona
687 1566 740 1600 di-

69 1619 118 1652 cit
143 1621 338 1665 ὦραιότατόν
370 1635 404 1654 τε
433 1621 504 1667 ἅμα
527 1621 582 1654 καὶ
609 1634 744 1666 pepe-›vu-

71 1672 221 1707 μώτοιτον
246 1676 336 1715 ζῶον,
354 1674 424 1707 hoc
439 1682 508 1707 est:
527 1673 746 1718 «pulcherri-

70 1737 167 1758 mum
189 1726 294 1759 simul
313 1735 418 1772 atque
435 1726 746 1760 celebratissimum

70 1777 246 1824 (namque
267 1780 356 1812 male
379 1779 579 1825 intelligunt
603 1779 746 1812 nomine

70 1843 132 1863 suo
162 1830 306 1877 dignum
330 1826 536 1877 φερώνυμῡν)
565 1832 703 1864 animal.
727 1849 740 1861 n

69 1883 168 1917 Idem
184 1884 330 1923 deinde,
347 1885 460 1925 lib.V‚
476 1898 549 1930 cap.
571 1886 616 1918 28
632 1910 641 1926 ,
657 1885 746 1917 mira

70 1936 232 1982 quaedam
259 1937 304 1970 de
329 1938 636 1984 Porphyrionibus
664 1950 744 1970 nar-

68 1998 121 2022 rat
133 2015 142 2029 ‚
155 2003 232 2036 quae
242 1991 334 2036 legas
347 1990 478 2024 suadeo
490 1992 524 2023 in
537 1992 610 2036 ipso
624 1999 743 2023 aucto-

67 2055 116 2076 re.
128 2044 217 2076 Item
234 2044 436 2077 Aristoteles
455 2052 487 2077 et
500 2044 590 2076 Plin.
610 2043 671 2076 lib.
687 2043 721 2076 X
733 2069 741 2083 ‚

68 2108 97 2128 c.
117 2099 177 2136 46.
191 2097 394 2143 Porphyrion
406 2105 572 2142 praeterea
585 2096 742 2129 nomina·

68 2149 170 2181 turin
182 2149 352 2191 Levitico,
362 2161 392 2183 c.
414 2162 430 2182 2
439 2175 448 2192 ‚
462 2150 522 2182 ubi
535 2162 615 2182 eum
627 2150 741 2183 Moses

67 2211 227 2235 numerat
244 2202 337 2236 inter
356 2201 554 2236 immundas
573 2203 740 2236 aves.Eo.

125 2267 156 2288 1.
182 2255 312 2300 Magna>
327 2255 404 2288 MS.
424 2256 560 2289 Beverl.
581 2263 614 2289 et
632 2255 742 2288 cicada

67 2320 132 2351 pro
159 2310 228 2352 gig.
259 2329 310 2336 —-
339 2309 454 2353 Magni
483 2311 636 2353 gigantis.
671 2308 743 2350 Qui

68 2358 182 2393 dictus
190 2368 240 2394 est
247 2361 482 2407 Porphyrion.
498 2362 740 2395 Horat.Carm.

66 2413 142 2454 ΙΙΙ,
161 2412 230 2446 ode
252 2425 309 2455 lv,
337 2415 382 2452 54
405 2427 412 2448 :
439 2432 452 2444 «
473 2413 540 2447 Sed
567 2414 655 2459 quid
681 2415 742 2447 Ti-

66 2465 203 2510 phoeus
220 2474 254 2499 et
269 2466 405 2500 validus
421 2467 558 2508 Mimas,
572 2469 641 2500 Aut
656 2467 743 2513 quid

66 2519 196 2552 minaci
228 2519 455 2566 Porphyrion
485 2521 601 2554 statu?
631 2529 696 2554 etc.
723 2538 735 2549 ι»

67 2571 170 2605 Hunc
190 2571 370 2617 Apollonii
399 2572 588 2606 Scholiasta
613 2573 657 2606 ad
680 2574 742 2606 Ar·

67 2624 245 2669 gonautic.
284 2624 346 2658 lib.
369 2626 424 2658 III
446 2651 455 2666 ‚
479 2626 599 2659 scribit
627 2626 740 2659 filium

67 2676 206 2723 Sisyphi
236 2677 340 2711 fuisse
362 2686 395 2711 et
416 2678 582 2712 immensa
606 2680 738 2724 magni-

809 1033 934 1068 tudine
964 1034 1011 1067 ita
1038 1034 1236 1079 insignem,
1255 1041 1294 1065 ut
1320 1044 1400 1065 cum
1427 1033 1487 1064 Al-

808 1099 946 1132 cyoneo
966 1087 1207 1133 principatum
1222 1086 1314 1119 inter
1333 1085 1411 1118 illos
1427 1085 1489 1119 Gi-

808 1150 926 1186 gantas
960 1140 1162 1181 obtineret,
1188 1157 1203 1169 «
1232 1151 1334 1172 ausos
1362 1139 1485 1172 caelum

807 1193 1008 1227 rescindere
1037 1194 1160 1226 fratres
1178 1210 1210 1226 n.
1226 1193 1342 1226 Caesus
1370 1199 1421 1224 est
1448 1192 1490 1224 ab

807 1247 960 1281 Hercule
977 1245 1074 1292 quod
1087 1246 1223 1279 Junoni
1235 1245 1402 1278 voluisset
1416 1244 1490 1277 vim

807 1301 938 1334 inferre
964 1301 1006 1332 ab
1027 1300 1142 1333 Alcaeo
1168 1300 1335 1333 liberatae.
1357 1298 1487 1343 Gigan-

808 1363 879 1387 tem
889 1352 1061 1386 Pindarus
1072 1380 1081 1395 ‚
1097 1353 1201 1398 Pyth.
1218 1353 1282 1386 lib.
1295 1350 1468 1385 Eid.VIII
1480 1376 1490 1391 ‚

809 1407 980 1453 Apollinis
998 1418 1080 1440 arcu
1100 1405 1277 1439 domitum
1293 1412 1421 1439 narrat.

863 1474 896 1493 2.
917 1461 1128 1506 Purpurionis
1146 1459 1223 1493 MS.
1240 1459 1278 1492 in
1299 1471 1406 1504 marg.
1431 1455 1485 1490 ed.

804 1514 881 1546 Par.
912 1515 1022 1558 1617.
1040 1514 1108 1546 Alii
1128 1514 1361 1558 Purpureonis,
1389 1509 1485 1557 quod

803 1566 898 1600 idem
929 1575 990 1600 est.
1019 1567 1110 1600 Nam
1136 1567 1173 1600 in
1206 1565 1384 1611 adjectivis
1408 1564 1487 1610 qui-

803 1619 953 1653 busdam
972 1628 1030 1653 aut
1044 1619 1296 1665 adjectivorum
1315 1618 1486 1652 similibus

805 1673 1032 1707 substantivis
1055 1673 1114 1718 qui
1134 1684 1199 1718 per
1218 1686 1271 1705 eus
1294 1679 1353 1704 aut
1371 1684 1406 1703 eo
1425 1669 1487 1703 de-

805 1726 986 1766 sinebant,
1013 1739 1088 1759 mos
1115 1728 1184 1770 jam
1210 1725 1418 1758 nascebatur
1440 1725 1487 1755 ius

806 1787 866 1812 aut
906 1783 936 1811 io
968 1779 1225 1812 terminationis
1250 1778 1329 1811 loco
1356 1776 1484 1810 dicere.

806 1831 863 1864 Sic
879 1832 1060 1864 Herculeus.
1071 1832 1270 1877 Utrumque
1289 1842 1373 1863 vero
1390 1829 1485 1862 idem

806 1885 897 1917 valet
915 1910 924 1926 ,
964 1893 998 1918 et
1034 1885 1140 1918 latine
1178 1883 1272 1917 idem
1305 1891 1406 1916 sonat
1447 1894 1485 1915 ac

803 1949 913 1982 graece
947 1938 1148 1984 Potplzyrz'on
1178 1949 1185 1970 :
1220 1937 1365 1983 πορφύρα.
1391 1935 1484 1969 enim

804 2002 914 2035 graece
943 2003 1101 2036 purpura
1135 1999 1205 2031 est;
1235 1998 1269 2023 et
1305 2002 1347 2022 eo
1376 1987 1484 2021 modo

803 2044 977 2088 περς-κυρίων
1002 2055 1020 2076 a
1042 2044 1186 2088 πορφύραι
1210 2042 1392 2076 derivatur
1412 2054 1482 2087 quo

796 2109 956 2141 purpureo
967 2108 984 2129 a
994 2109 1148 2141 purpura.
1161 2096 1385 2142 Porphyrion
1399 2107 1482 2127 vero

801 2149 867 2182 fuit
894 2149 1014 2194 auriga
1033 2149 1184 2182 Neronis
1213 2148 1371 2182 factionis
1398 2148 1480 2180 Pra-

802 2202 886 2236 sinae
902 2215 963 2236 seu
979 2201 1212 2236 viridis.Vide
1225 2202 1286 2235 lib.
1304 2202 1338 2234 X
1349 2228 1357 2243 ‚
1370 2201 1478 2247 epigr.

802 2268 928 2288 XLVIII.
949 2254 1041 2288 Vide
1068 2263 1101 2288 et
1125 2255 1226 2288 aliam
1246 2255 1356 2300 Lipsii
1375 2267 1482 2299 expo·

802 2308 966 2342 sitionem
985 2309 1089 2354 hujus
1109 2308 1218 2354 epigr.
1247 2309 1309 2341 lib.
1332 2309 1350 2340 I
1375 2307 1482 2349 Quae-

802 2361 905 2394 stion.
939 2361 1119 2407 Epistolic.
1144 2361 1175 2395 5.
1201 2382 1252 2387 —-
1274 2362 1331 2394 Pr.
1358 2361 1479 2405 Pol-pli.

803 2414 933 2448 Sensus
953 2427 1035 2460 ergo
1054 2415 1160 2448 totius
1181 2413 1322 2447 distichi
1353 2414 1381 2446 is
1408 2422 1481 2446 est:

808 2467 907 2501 Hanc
925 2480 1022 2500 avem
1034 2494 1042 2507 ,
1058 2468 1139 2501 licet
1158 2468 1333 2512 exiguam,
1352 2467 1482 2499 hahere
1516 2462 1518 2466 ὗ

802 2533 931 2554 nomen
964 2532 1155 2553 commune
1177 2532 1259 2553 cum
1282 2531 1407 2564 magno
1431 2519 1482 2564 gi-

801 2581 922 2619 gante,
942 2572 1104 2606 miraris?
1126 2585 1196 2606 nou
1224 2573 1329 2618 magis
1348 2572 1477 2605 mirum

802 2635 853 2659 est
874 2638 980 2672 quam
1003 2635 1037 2659 et
1055 2626 1135 2658 licet
1160 2625 1325 2666 rubram,
1352 2624 1481 2658 habere

802 2692 931 2712 nomen
951 2680 1079 2723 aurigae
1093 2678 1251 2711 factionis
1265 2677 1400 2711 viridis.

1263 2748 1276 2768 ει

1222 2766 1251 2809 9
