2044 3292
514 202 578 258 46

890 205 955 247 M.
986 206 1125 248 VAL.
1166 207 1563 252 MARTIALIS

653 294 708 336 Et
734 302 879 354 stupet
910 293 962 337 ad
995 304 1144 355 raptus
1166 295 1381 356 Tyndaris
1412 298 1501 357 ipsa
1533 307 1644 341 tuos.

581 365 646 406 Tu
679 362 854 420 melior,
883 382 977 426 quae
1008 365 1181 410 deserto
1215 376 1390 427 raptore
1423 367 1591 420 re‹listi;

654 434 732 478 Illa
754 437 896 479 virum
922 435 1058 479 voluit
1078 453 1159 480 nec
1182 438 1364 497 repetita
1389 440 1520 499 sequi.

587 506 735 561 Ridet,
761 516 803 550 et
826 505 982 551 Iliacos
1008 507 1129 550 audit
1154 507 1381 552 Menelaus
1406 524 1599 564 amore53

650 576 851 621 Absolvit
880 577 1119 638 Phrygium
1149 587 1295 621 vestra
1324 579 1477 639 rapina
1502 581 1657 623 Parim.

583 649 807 708 Accipient
833 647 934 691 olim
963 665 1101 708 quum
1122 658 1164 692 te
1188 647 1284 692 loca
1307 647 1403 693 laeta
1426 650 1622 710 piorum,

650 720 754 762 Non
784 720 865 762 erit
895 719 938 761 in
964 719 1112 780 Stygia
1139 720 1285 763 notior
1311 720 1466 764 umbra
1494 720 1640 765 domo.

582 789 682 832 Non
711 788 850 833 aliena
875 789 1017 845 videt,
1039 789 1114 834 sed
1135 799 1254 834 amat
1281 791 1545 852 Proserpina
1573 802 1739 853 raptas;

651 932 728 974 Σοῦ
756 948 800 974 τε
824 932 923 991 πρὸς
950 932 1162 993 ἁρπαγμὸν
1188 926 1387 991 Τυνδαρὶς
1415 928 1630 994 ἐξεπλάγη.

581 1002 745 1046 Νόστου
774 995 812 1044 δ’
845 1001 1041 1063 ἐμνήσθης
1067 1003 1113 1045 σὺ
1139 1006 1208 1045 τὸν
1237 1003 1480 1063 ἁρπακτῆρες
1502 1008 1695 1047 λιποῦσα·

651 1063 688 1115 H
717 1068 755 1116 δ’
785 1075 860 1133 οὐχ
890 1074 1038 1116 ἕσπετό
1063 1091 1128 1132 μιν
1160 1068 1305 1133 τάνδρὶ
1334 1077 1630 1134 μετερχομένῳ.

582 1134 760 1195 1λιακοὺς
789 1144 938 1205 γελόων
966 1142 1041 1187 ἀΐει
1071 1145 1277 1194 Μενέλαος
1307 1145 1472 1205 ἔρωτας·

649 1215 730 1258 Τὸν
756 1216 880 1276 Φρύγ’
907 1213 1094 1258 ἀθώωσαι
1126 1209 1165 1257 δ’
1193 1216 1354 1276 ἁρπαγὴ
1382 1217 1567 1276 ὑμετέρη.

581 1279 682 1329 Ᾱλλ’
708 1287 827 1329 ὁπότ’
855 1282 1046 1328 εὐσεὲέων
1073 1286 1116 1328 σὲ
1143 1280 1353 1336 δεδείξεται
1380 1283 1506 1340 οἶκος,
1534 1286 1694 1336 ἁπάσας

649 1357 821 1408 Μέλλεις
849 1354 924 1407 τὰς
954 1355 1085 1417 ψυχὰς
1113 1356 1212 1400 κεῖθι
1239 1351 1563 1417 παρευδοκιμεῒν.

578 1429 809 1489 Περσεφόνη
841 1428 1045 1485 πεφίληκ’,
1071 1430 1143 1471 οὐκ.
1172 1427 1364 1488 ἀλλοτρίη
1392 1444 1465 1486 σφε
1494 1428 1723 1482 βλέπουσα,

509 1596 578 1623 tem
599 1587 672 1633 ipse
689 1585 805 1619 Rufus
821 1584 962 1626 dicitur,
983 1594 1023 1618 ut
1043 1585 1190 1619 Horatio

508 1641 570 1675 lib.
587 1641 603 1673 I
616 1665 626 1680 ‚
642 1638 701 1673 od.
720 1651 768 1680 lv,
788 1641 854 1672 16:
872 1656 886 1669 «
901 1639 980 1672 Jam
998 1647 1032 1672 te
1053 1647 1192 1684 premet

510 1708 579 1728 nox
591 1718 602 1735 ‚
620 1692 816 1737 fabulaeque
831 1704 960 1726 manes.
973 1709 1042 1721 u—
1053 1693 1091 1725 In.
1105 1693 1189 1737 Ely-

509 1751 557 1781 sio
575 1759 695 1792 campo.
715 1744 810 1779 Vide
832 1757 937 1791 supra
952 1772 961 1787 ‚
982 1746 1042 1779 lib.
1065 1747 1095 1786 I,
1117 1745 1190 1791 epi-

510 1814 658 1848 gramm.
682 1811 775 1832 xc1v.

564 1853 774 1901 &Synthesis
794 1865 860 1898 pro
883 1853 1042 1891 Tyndaris
1064 1852 1192 1897 legitur

512 1909 548 1942 in
578 1906 775 1949 Scriverio‚
804 1918 876 1952 quo
907 1913 1048 1939 auctore
1081 1906 1192 1938 ambi-

510 1975 633 2008 guum.
646 1960 747 1992 —Et
757 1967 862 2004 stupet
871 1959 916 1991 ad
925 1966 1044 2004 raptus.
1063 1957 1105 1991 Id
1120 1968 1188 1996 est,

510 2015 644 2049 Helena
667 2011 827 2058 Tyndari
854 2011 926 2045 filia
948 2019 1065 2057 stupet
1083 2019 1118 2045 te
1137 2025 1192 2044 ra-

510 2077 606 2115 ptam
636 2075 761 2114 sponte
787 2063 931 2099 rediisse
959 2064 1004 2098 ad
1026 2065 1190 2098 maritum

510 2131 612 2155 tuum
636 2121 783 2155 Rufum.
804 2119 875 2152 Alii
897 2119 1103 2164 intelligunt
1120 2119 1191 2151 Ru-

510 2176 586 2209 fum
604 2187 677 2208 non
698 2172 805 2207 fuisse
829 2174 906 2218 ejus
927 2172 1092 2206 maritum
1105 2194 1114 2210 ,
1131 2171 1191 2205 sed

508 2237 687 2275 raptorem
706 2239 714 2261 :
731 2234 878 2272 propter
898 2225 973 2259 haec
989 2225 1095 2258 verba
1115 2237 1193 2258 «ve-

509 2291 581 2317 stra
599 2281 719 2327 rapina
740 2296 770 2312 ».

564 2349 598 2381 7.
616 2336 724 2368 Fuisti
739 2331 884 2366 exhibet
901 2331 1109 2365 Scriverius.

564 2391 599 2423 8.
622 2389 783 2421 Der-elicta
802 2384 908 2418 idem.
928 2384 996 2417 Alii
1020 2385 1115 2419 huuc
1138 2397 1187 2418 vs.

508 2442 629 2488 legunt
650 2442 767 2477 Noluit
783 2439 841 2471 illa
862 2441 967 2471 virum
985 2439 1040 2471 vel
1057 2441 1188 2483 repetita

508 2498 604 2542 sequi.
622 2517 674 2522 --
690 2496 754 2529 Illa
777 2494 890 2525 virum.
916 2492 1117 2524 Menelaum
1139 2492 1190 2524 in-

508 2549 645 2595 tellige,
669 2549 730 2595 qui
756 2545 854 2579 laetus
875 2543 975 2579 audit
1000 2543 1093 2578 idem
1116 2557 1188 2578 rna-

508 2603 576 2635 rito
608 2598 824 2650 Semproniae
860 2598 1062 2644 contigisse,
1089 2597 1188 2643 quod

1252 1593 1286 1618 et
1311 1585 1386 1630 ipse
1413 1597 1532 1630 passus
1564 1593 1649 1618 erat.
1681 1587 1827 1618 Amores
1852 1597 1934 1618 vero

1253 1638 1333 1671 Rufi
1361 1650 1440 1684 erga
1468 1638 1711 1684 Semproniam
1741 1638 1858 1671 Iliacos
1878 1651 1936 1671 vo-

1252 1700 1327 1732 cat,
1351 1692 1433 1737 quia
1459 1692 1704 1737 Semproniam
1726 1691 1844 1737 rapuit
1863 1692 1934 1724 Ru-

1252 1745 1326 1786 fus,
1351 1753 1392 1778 ut
1414 1744 1547 1778 Helena
1577 1752 1674 1791 rapta
1706 1745 1791 1778 olim
1824 1744 1891 1778 fuit
1917 1757 1934 1777 a

1252 1797 1378 1832 Paride
1390 1823 1397 1834 ‚
1428 1798 1487 1844 qui
1523 1807 1640 1831 tamen
1673 1798 1741 1832 hoc
1775 1797 1935 1843 exemplo

1253 1860 1449 1885 excusatur.

1311 1917 1322 1937 1
1337 1917 1368 1938 1.
1415 1904 1503 1949 Juga
1544 1905 1640 1950 longa
1666 1904 1858 1938 Vaticanus
1894 1916 1934 1938 ex

1252 1958 1378 2003 Virgil.
1392 1957 1588 1991 AEneid.VI
1600 1983 1608 1998 ,
1626 1971 1641 1990 2
1651 1957 1936 2003 56.-Accip1'ent

1252 2011 1338 2043 olim.
1368 2011 1444 2044 Hoc
1467 2020 1538 2053 est,
1560 2023 1672 2057 quum
1704 2019 1844 2044 mortua
1866 2010 1933 2043 mi-

1250 2064 1366 2109 grabis
1380 2064 1417 2097 in
1432 2076 1573 2110 campos
1592 2063 1730 2109 Elysios
1741 2089 1751 2105 ‚
1769 2064 1837 2097 eris
1851 2071 1934 2097 nota

1252 2125 1286 2150 et
1315 2117 1474 2151 celebris.

1312 2184 1324 2204 1
1336 2170 1368 2203 3.
1392 2171 1596 2216 Proserpina.
1622 2170 1780 2216 Propitia
1799 2169 1910 2215 raptis
1925 2195 1934 2211 ,

1253 2236 1362 2269 quum
1379 2231 1414 2257 et
1424 2225 1497 2270 ipsa
1509 2236 1526 2256 a
1540 2224 1693 2257 Plutone
1703 2231 1802 2269 rapta
1815 2223 1931 2256 fuerit.

1252 2278 1344 2310 Deas
1358 2289 1443 2310 vero
1462 2277 1623 2319 simulat,
1639 2276 1739 2322 quasi
1762 2276 1934 2309 humana·

1250 2343 1329 2364 rum
1342 2329 1551 2376 cupidinum
1568 2329 1756 2376 participes
1766 2355 1775 2371 ,
1790 2341 1829 2362 ea
1840 2341 1933 2362 ama-

1250 2396 1307 2425 re,
1327 2383 1368 2417 iis
1382 2384 1499 2417 favere
1514 2396 1590 2429 quae
1606 2392 1640 2417 et
1651 2383 1734 2428 ipsae
1745 2382 1782 2415 in
1799 2381 1933 2416 deliciis

1249 2437 1463 2471 habuerunt.
1473 2435 1574 2470 Haud
1588 2435 1756 2470 absimilis
1766 2436 1933 2476 Musaeus,

1249 2489 1308 2535 qui
1326 2489 1363 2522 in
1381 2490 1532 2523 Heronis
1551 2497 1584 2522 et
1601 2487 1753 2523 Leandri
1771 2496 1933 2534 poemate

1249 2543 1425 2576 Venerem
1441 2543 1488 2576 ait
1503 2543 1699 2588 virginibus
1712 2554 1783 2575 non
1800 2543 1930 2581 favere,

1251 2595 1357 2629 immo
1379 2608 1434 2629 eas
1451 2595 1535 2630 odio
1558 2595 1734 2642 prosequi.
