1901 3259
342 183 902 228 EPIGRAMMATUM
939 183 1061 226 LIB.
1101 183 1239 226 XIV.

1399 183 1492 244 287

664 331 943 389 CCXVL

635 486 959 515 ACCIPITER.

163 614 331 656 PRAEDO
363 611 442 655 fuit
472 612 699 655 volucrum
716 647 727 667 ,
751 610 937 655 famulus
966 627 1084 655 nunc
1109 612 1287 673 aucupis
1310 629 1317 656 ι
1346 613 1457 657 idem

231 683 430 742 Decipit,
455 692 498 725 et
522 692 670 743 captas
698 697 787 726 non
815 682 894 726 sibi
924 691 1079 726 moeret
1103 697 1218 727 aves.

158 812 302 881 Ᾰρπαξ
325 820 370 868 ἦν
393 829 580 874 πτηνῶν,
604 829 669 865 νῦν
696 818 734 865 δ’
758 819 958 883 ἰξευτῆρος
986 825 1182 884 ὑπουργὸς

226 894 376 945 Κηλεῖ,
399 894 436 935 κ’
456 895 531 951 οὐχ
551 897 662 946 αὑτῷ
682 893 847 952 μέμφεθ’
867 893 1124 952 ἁλισκόμενα.

143 1058 173 1078 1.
203 1046 320 1078 Praedo
339 1048 419 1088 fuit.
446 1046 522 1079 Hoc
546 1054 617 1087 est,
640 1047 755 1092 prius-

85 1111 188 1144 quam
215 1099 456 1133 mansuefieret
480 1099 667 1145 accipiter,
689 1099 756 1132 sibi

83 1152 238 1197 capiebat
260 1164 358 1194 aves,
379 1165 475 1185 nunc
496 1153 623 1197 aucupi
645 1153 752 1198 capit.

85 1203 181 1237 Idem
200 1203 288 1238 dixit
304 1218 406 1251 supra
427 1206 629 1251 epigramm.
653 1218 692 1239 cc
709 1204 754 1238 de

82 1270 166 1290 cane
184 1266 324 1303 vertago
343 1270 350 1291 :
377 1276 389 1288 n
404 1259 485 1292 Non
507 1259 572 1292 sihi
584 1285 593 1300 ‚
614 1258 675 1291 sed
693 1257 754 1291 do-

82 1311 178 1343 mino
193 1320 338 1344 venatur
354 1320 511 1357 vertagus
529 1310 755 1345 acer.„Vide-

83 1369 138 1394 tur
155 1371 270 1396 autem
285 1363 321 1396 id
338 1365 530 1398 venationis
545 1377 608 1410 gen
615 1377 656 1397 us
668 1364 753 1397 olim

817 1045 910 1091 apud
937 1058 1099 1092 proceres
1120 1054 1155 1079 et
1186 1046 1310 1081 divites
1341 1048 1433 1082 viros
1450 1050 1487 1082 in

816 1098 949 1132 deliciis
971 1099 1091 1134 fuisse.
1111 1099 1218 1141 Quod
1250 1099 1291 1133 ad
1325 1103 1487 1135 saeculum

814 1164 833 1185 a
852 1152 936 1186 Chr.
953 1152 998 1185 N.
1020 1165 1079 1185 ΧΠ
1100 1161 1135 1186 et
1152 1165 1228 1186 xvn
1247 1166 1387 1200 quoque
1405 1167 1484 1200 per-

813 1205 921 1246 stitit,
953 1213 986 1238 at
1013 1217 1055 1239 ex
1077 1206 1146 1239 hoc
1174 1214 1331 1252 tempore
1359 1209 1484 1242 sensim

812 1259 1008 1304 neglectum
1030 1267 1064 1291 et
1080 1260 1240 1292 relictum
1262 1260 1336 1294 fuit.

869 1324 901 1344 2.
917 1312 992 1345 Non
1012 1312 1083 1346 sibi.
1103 1311 1171 1345 Sed
1192 1314 1318 1359 aucupi
1339 1312 1483 1347 domino

812 1365 871 1410 qui
882 1365 998 1409 ipsum
1007 1377 1114 1398 manu
1127 1374 1238 1407 tenet,
1250 1366 1362 1411 ipsum
1373 1366 1481 1401 ducit.

618 1499 942 1557 CCXVIL

606 1635 957 1683 OPSONATORf

148 1781 236 1823 Dic
260 1789 443 1840 quotus,
468 1789 511 1822 et
537 1780 687 1839 quanti
713 1780 860 1839 cupias
886 1794 1082 1833 coenare3
1108 1795 1188 1822 nec
1215 1796 1349 1824 unum

215 1849 442 1893 Addideris
467 1849 649 1892 verbum
674 1867 682 1891 :
706 1865 828 1893 coena
856 1859 1006 1909 parata
1026 1848 1103 1892 tibi
1125 1860 1201 1893 est.

145 1990 303 2040 Πόςος,
338 1989 403 2032 καὶ
426 1990 577 2032 πόσσου
605 1984 796 2043 δειπνεῖν,
823 1990 941 2045 μόνον
966 1988 1075 2042 εἰπὲ,
1101 1997 1293 2050 προαιρῇ,

212 2060 294 2102 Καὶ
323 2054 446 2119 μηδὲν
468 2061 560 2120 λέγε
587 2060 706 2120 πρὸς,
733 2054 880 2119 δόρπον
911 2059 1199 2119 ὁπλισσοίμεθα.

125 2192 338 2242 *Opsonaton
352 2198 386 2231 Is
399 2210 525 2243 nempe
538 2206 589 2231 est
601 2198 661 2243 qui
673 2210 743 2230 ma·

70 2262 136 2296 gna
151 2250 187 2283 in
204 2249 310 2283 domo
329 2250 416 2284 cibis
432 2260 466 2284 et
481 2251 635 2296 opsoniis
646 2263 741 2284 com·

72 2301 233 2348 parandis
245 2312 379 2348 praeest.
557 2330 561 2334 .

129 2356 233 2389 1.Dic
247 2365 369 2401 quotus,
383 2364 423 2390 et.
438 2356 494 2389 Sic
510 2357 650 2390 exhibet
660 2355 740 2390 cod.

71 2421 176 2442 manu
205 2409 356 2453 scriptus
378 2409 512 2442 Beverl.
538 2418 571 2443 et
597 2409 676 2444 cod.
704 2410 741 2442 in

71 2474 177 2506 marg.
194 2460 248 2494 ed.
266 2461 345 2494 Par.
367 2464 474 2506 1617.
495 2463 542 2494 Es
559 2461 639 2495 edd.
655 2470 738 2495 vett.

71 2537 121 2540 --
149 2515 213 2547 Dic
238 2522 360 2560 quotus.
388 2514 475 2547 Nam
503 2528 567 2560 pro
596 2527 741 2548 numero

70 2568 310 2604 convivarum,
329 2575 363 2599 et
378 2579 443 2611 pro
458 2567 595 2600 ratione
613 2567 744 2612 impen-

801 2209 861 2236 sae,
884 2195 1110 2242 splendidum
1128 2205 1186 2230 aut
1201 2197 1335 2243 frugale
1353 2199 1473 2232 convi-

800 2250 898 2282 vium
915 2249 1330 2295 apparabatur.—Credo
1343 2263 1405 2296 ego
1416 2252 1472 2285 hic

801 2303 903 2337 tacite
915 2303 1113 2336 meminisse
1132 2303 1328 2336 Martialem
1342 2303 1387 2336 de
1402 2305 1472 2337 Lu-

801 2356 885 2389 culli
916 2355 1168 2389 historiuncula
1186 2369 1195 2398 ;
1229 2368 1333 2401 quem
1363 2369 1470 2402 quum

801 2408 924 2443 Cicero
956 2409 1112 2454 aliusque
1142 2408 1304 2442 adiissent
1337 2422 1469 2443 coenam

800 2470 956 2507 petentes
978 2474 1042 2495 nec
1063 2460 1336 2507 splendidiorem
1370 2474 1471 2507 quam

801 2515 922 2555 solito,
940 2515 968 2547 is
984 2513 1071 2548 dixit
1085 2515 1148 2547 uni
1166 2527 1184 2546 e
1198 2515 1342 2547 servulis
1360 2527 1394 2548 se
1411 2515 1471 2547 illo

804 2566 860 2600 die
879 2568 915 2600 in
938 2568 1102 2612 Apolline
1121 2574 1345 2600 coenaturum.
