1901 3259
351 206 938 250 EPIGRAMMATUM
975 208 1098 250 LIB.
1138 208 1256 250 XII.

1446 206 1507 252 33

272 292 391 338 Nulli
415 304 457 338 te
482 293 616 339 facias
637 295 765 339 nimis
794 293 997 340 sodalem.

271 365 493 410 Gaudebis
522 366 688 423 minus,
716 376 758 411 et
789 368 932 411 minus
959 364 1136 410 dolebis.

98 517 234 547 rorem,
255 517 272 538 a
295 517 365 550 quo
387 504 611 540 remordetur
632 506 780 539 animus.

157 570 211 592 11.
235 557 401 593 Gaudebis
432 560 544 593 minus.
575 559 780 592 Amicorum

841 505 935 539 enim
964 516 1132 551 prospera
1152 513 1255 551 atque
1277 504 1418 539 adversa
1447 506 1518 538 for-

841 567 927 592 tuna
949 559 1055 592 nimis
1073 571 1138 592 nos
1157 558 1278 592 afficit.

678 695 949 750 XXXV.

523 853 549 880 A
568 853 599 880 D
644 851 1020 881 CALLISTRATU
1034 850 1083 878 M.

172 981 415 1031 TANQUAM
447 976 701 1037 simpliciter
726 992 921 1028 mecum,
953 974 1224 1031 Callisti-ate,
1251 977 1398 1032 vivas,

243 1049 402 1093 Dicere
426 1048 646 1109 percisum
677 1056 719 1090 te
747 1046 857 1089 mihi
887 1061 999 1106 saepe
1029 1045 1153 1090 soles.

172 1119 276 1163 Non
303 1136 348 1163 es
374 1128 462 1163 tam
491 1117 674 1179 simplex
705 1133 837 1178 quam
863 1117 948 1170 vis,
981 1115 1230 1160 Callistrate
1246 1153 1257 1173 ‚
1283 1117 1420 1162 credi:

242 1191 358 1234 Nam
388 1189 582 1250 quisquis
609 1197 760 1232 narrat
788 1187 912 1242 talia,
937 1186 1063 1248 plura
1096 1197 1220 1231 tacet.

162 1341 193 1362 1.
213 1329 390 1375 Tanquam.
406 1327 471 1360 Vis
492 1326 607 1360 videri
630 1327 785 1372 ingenue

104 1394 242 1415 mecum
263 1393 525 1415 communicare
547 1388 677 1414 secreta
699 1388 759 1413 tua
776 1405 785 1421 ,

104 1434 256 1482 proinde
275 1434 375 1468 fateri
391 1433 495 1467 etiam
513 1433 620 1476 vitia;
637 1432 699 1467 sed
718 1433 784 1466 hoc

104 1501 175 1521 non
195 1487 277 1521 facis
299 1488 449 1533 ingenue
466 1499 473 1520 :
498 1499 650 1533 namque
671 1485 786 1520 minus

105 1540 150 1574 de
172 1549 206 1574 te
221 1540 355 1582 fateris,
376 1549 415 1574 ut
432 1542 543 1585 majus
562 1548 684 1574 taceas.

159 1608 191 1627 2.
213 1595 387 1627 Praecisum
406 1592 486 1628 edd.
508 1602 592 1627 vett.
615 1601 648 1627 et
668 1593 783 1626 Maitt.

106 1656 140 1681 et
155 1647 539 1681 Farnab.—Pe1·ci.5um.
562 1647 639 1679 Hoc
658 1654 728 1687 est,
754 1655 786 1678 te

844 1326 918 1372 pati
937 1325 1141 1367 muliebria3
1160 1324 1233 1360 vid.
1251 1326 1383 1360 scilicet
1400 1326 1444 1360 ad
1460 1326 1522 1360 lib.

846 1380 901 1422 II,
922 1379 1168 1424 epigr.1.xx111.

902 1437 934 1473 4.
952 1433 1099 1472 Narrat,
1120 1440 1213 1466 tacet.
1233 1433 1275 1465 In
1289 1433 1437 1467 vocibus
1449 1446 1525 1466 ηαν-

847 1495 899 1517 rat
916 1494 950 1518 et
970 1494 1070 1526 tacet,
1090 1485 1173 1519 latet
1188 1487 1298 1532 majus
1317 1485 1406 1519 illud
1428 1485 1525 1532 quod

847 1538 1064 1572 Callistratus
1087 1551 1158 1571 non
1188 1539 1362 1573 fatebatur
1382 1539 1520 1573 vitium.

845 1591 940 1625 Vide
968 1592 1029 1625 lib.
1060 1592 1135 1634 III,
1161 1592 1271 1638 epigr.
1297 1605 1449 1635 Lxxxlv,
1486 1601 1519 1625 et

846 1645 952 1691 hujus
972 1645 1034 1678 lib.
1059 1646 1168 1691 epigr.
1187 1658 1262 1678 xcv.

673 1780 940 1835 XXXVI
951 1824 961 1834 .

580 1937 642 1965 IN
682 1935 1007 1964 LABULLUM.
1031 1915 1049 1931 ⁴²

280 2066 451 2108 LlssssAs
476 2071 691 2123 quatuor,
722 2071 796 2105 aut
823 2061 930 2105 (luas
958 2063 1123 2115 amico,

284 2134 599 2196 Algentemque
630 2143 776 2193 togam
794 2168 805 2188 ,
835 2132 1102 2193 brevemque
1132 2131 1283 2177 laenam
1306 2170 1315 2185 ,

161 2269 176 2284 *
197 2276 385 2308 Labullum
413 2275 479 2308 sibi
506 2273 549 2307 de
577 2272 784 2306 liberalitate

108 2329 346 2362 blandientem
368 2337 469 2374 negat
491 2340 563 2361 esse
583 2327 784 2366 liberalem,

109 2383 265 2428 quamvis
287 2394 407 2415 omnes
426 2381 478 2414 sui
507 2380 674 2425 temporis
703 2391 782 2413 ava-

110 2448 167 2469 ros
196 2443 335 2481 superet
365 2434 632 2475 munificentia3
672 2433 782 2478 impa-

111 2501 185 2521 rem
203 2496 317 2521 tumen
337 2499 408 2521 esse
426 2500 505 2520 eum
521 2487 641 2532 priscis
658 2486 782 2519 Μωσε-

111 2541 254 2575 natibus
282 2553 363 2574 vere
393 2541 552 2586 benignis
577 2549 612 2573 et
632 2539 784 2573 liberali-

112 2595 188 2628 bus.
212 2594 322 2627 Malos
334 2593 473 2627 vincere
493 2593 668 2634 bonitate,
685 2601 787 2637 negat

115 2660 186 2681 esse
224 2647 448 2692 praeclarum;
478 2645 537 2680 sed
569 2646 651 2692 ipsis
687 2645 788 2679 bonis

188 2722 276 2764 III.

846 2285 917 2306 esse
931 2272 1113 2306 meliorem
1124 2297 1133 2314 ‚
1147 2273 1217 2307 hoe
1227 2275 1413 2319 pulchrum
1429 2276 1525 2310 dicit,

847 2326 964 2358 Rader.

904 2391 934 2412 1.
962 2379 1088 2412 Libras.
1106 2378 1200 2412 Vide
1224 2379 1266 2413 ad
1289 2381 1371 2413 libri
1394 2383 1429 2415 ΙΙ
1451 2385 1525 2430 epi-

843 2444 999 2477 gramma
1020 2446 1098 2473 ΧΙΝ,
1119 2446 1166 2465 vs.
1192 2434 1223 2466 5.

900 2498 916 2517 2
925 2512 932 2518 .
948 2487 1088 2519 Laenam.
1104 2486 1236 2519 Graecis
1247 2485 1374 2520 (licitur
1385 2492 1504 2532 χλαῖνα.
1516 2518 1524 2532 ,

846 2539 949 2571 vestis
966 2551 1043 2583 quae
1061 2548 1148 2584 togae
1166 2539 1333 2584 injicitur.
1346 2544 1528 2587 —·-11lgen-

850 2600 920 2624 lem.
943 2592 1019 2624 Hoc
1041 2600 1112 2633 est,
1133 2593 1177 2625 ita
1198 2593 1335 2634 tritam,
1356 2603 1393 2627 ut
1418 2595 1525 2641 frigus

852 2645 949 2678 facile
961 2644 1138 2679 admittat:
1149 2646 1200 2679 vel
1213 2647 1433 2691 crassiorem
1447 2662 1525 2695 qum

1297 2719 1321 2761 '5
