1901 3259
313 259 896 303 EPIGRAMMATUM
935 260 1059 302 LIB.
1101 259 1247 301 XIII.

695 412 874 466 VIII.

837 547 854 564 ῃ

722 569 831 596 FAR.

156 692 303 735 IMBUE
336 690 524 751 plebeias
551 691 740 735 Clusinis
769 691 960 753 pultibus
991 692 1119 735 ollas.

226 762 282 804 Ut
318 771 436 805 satur
467 764 508 805 in
538 763 685 806 vacuis
715 761 857 807 dulcia
889 772 1030 807 musta
1064 762 1197 806 bibas.

158 905 376 962 Δημοτικῷ
401 908 542 958 πολτῷ
572 903 795 953 ΚΧουσίνας
822 900 988 964 ἔμὸρεχε
1019 905 1189 963 χύτρας,

227 974 400 1022 Γλεῢκος
427 974 476 1015 ἵν’
503 973 726 1033 ἐμφορεθεὶς
753 976 789 1016 ἐν
821 981 973 1033 κενεῇσι
1001 974 1106 1034 πίῃς.

136 1103 150 1118 *
166 1109 242 1142 Hoc
265 1117 298 1142 et
317 1121 466 1154 sequens
486 1110 594 1156 epigr.
615 1122 756 1155 permu-

84 1170 133 1196 tat
148 1160 204 1194 ed.
223 1161 324 1195 Barb.

141 1227 173 1248 1.
190 1215 297 1248 Imbue
323 1215 471 1260 plebeias.
499 1215 576 1249 Hoc
607 1215 758 1249 disticho

84 1267 245 1313 praecipit
262 1268 432 1301 Martialis
446 1295 455 1310 ,
473 1277 510 1301 ut
522 1269 559 1301 in
572 1269 673 1310 ollam,
684 1282 759 1314 quae

85 1321 219 1354 Clusini
233 1321 333 1355 farris
346 1322 445 1367 pulte
457 1322 599 1355 imbutae
615 1323 650 1355 fu
657 1323 758 1362 erint,

85 1381 241 1407 mustum
276 1375 454 1415 mittatur,
485 1374 582 1420 quod
610 1388 650 1408 eo
672 1384 759 1408 tam·

86 1439 191 1472 quam
213 1426 412 1468 condiatur,
437 1437 470 1460 et
498 1427 541 1461 ad
569 1429 760 1462 bonitatem

87 1479 266 1525 proficiat,
298 1479 646 1527 commendeturque.
679 1482 761 1515 Clu-

87 1533 176 1565 sium
196 1545 280 1566 vero
306 1534 517 1567 maritimum
539 1535 675 1568 Tusciae
704 1548 764 1581 op-

85 1584 209 1630 pidum
234 1594 301 1624 est,
322 1586 429 1620 hodie
456 1587 575 1621 Clausi.
598 1589 649 1621 De
674 1589 764 1621 farre

86 1637 167 1671 vide
197 1639 352 1672 Plinium
382 1640 442 1673 lib.
468 1640 614 1681 XVIII,
634 1653 709 1687 cap.
730 1642 763 1675 8.

87 1712 137 1717 ——
153 1692 298 1725 Plebeias
316 1705 399 1727 vero
418 1693 498 1726 ollas
517 1693 563 1726 ob
583 1693 619 1727 id
641 1695 764 1739 praeci—

818 1123 888 1155 pue
907 1119 1111 1156 nuncupat,
1128 1110 1224 1156 quod
1248 1124 1265 1144 e
1285 1120 1375 1145 terra
1399 1113 1494 1145 fictili

820 1172 934 1205 testae‚
972 1164 1168 1209 amphorae,
1194 1164 1271 1198 cadi
1304 1174 1337 1198 et
1377 1167 1493 1198 omnia

820 1218 892 1250 fere
932 1217 1169 1250 formarentur
1209 1218 1335 1264 quibus
1373 1219 1494 1252 vinum

821 1269 1023 1303 condebant
1039 1271 1197 1304 Veteres.

877 1337 908 1356 2.
935 1324 979 1356 Ut
998 1332 1097 1364 satur,
1120 1332 1184 1356 etc.
1216 1324 1376 1357 Gratiora
1403 1325 1494 1358 enim

822 1376 1036 1409 bibebantur
1069 1376 1163 1422 apud
1190 1378 1338 1411 Veteres
1365 1390 1383 1409 e
1408 1379 1495 1411 vazis

822 1429 921 1475 pulte
938 1430 1082 1463 imbutis
1093 1434 1181 1463 vina.
1197 1431 1314 1475 Magni
1338 1431 1492 1464 Turneb.

822 1481 1115 1516 Adversariorum
1130 1483 1193 1516 lib.
1210 1484 1326 1524 XXV,
1340 1495 1413 1530 cap.
1438 1486 1493 1517 28.

823 1536 911 1569 Item
932 1536 1164 1581 Theophrast.
1184 1537 1245 1569 lib.
1267 1536 1310 1570 de
1330 1537 1497 1570 odoribus

824 1589 962 1626 scribit,
978 1588 1135 1623 demissis
1154 1590 1189 1621 in
1213 1589 1306 1622 (lolia
1325 1591 1425 1623 farris
1446 1592 1498 1623 of-

824 1642 886 1682 fis,
912 1642 1035 1675 vinum
1069 1641 1223 1683 domari,
1245 1643 1444 1677 mollescere
1467 1653 1498 1676 et

825 1707 904 1728 cum
926 1696 1059 1741 saporis
1078 1696 1187 1741 gratia
1209 1697 1400 1729 mitescere.

741 1831 850 1885 IX.

709 1981 864 2009 LENS.

162 2088 330 2130 Aecum
354 2085 591 2141 Niliacam,
618 2085 787 2131 Pelusia
814 2104 1020 2139 munera,
1048 2089 1229 2143 lentein3

227 2155 366 2201 Vilior
397 2167 462 2201 est
491 2157 620 2210 alica,
648 2159 789 2201 carior
814 2157 884 2202 illa
910 2159 1020 2202 faba.

147 2297 160 2317 1
169 2310 176 2317 .
193 2284 366 2317 Niliacam.
378 2285 419 2317 In
434 2297 472 2318 ea
485 2297 612 2330 nempe
623 2286 764 2331 AEgypti

88 2344 189 2381 parte
201 2363 210 2379 ‚
228 2350 304 2382 quae
324 2340 494 2385 [Egyptus
512 2339 672 2380 Inferior,
693 2339 765 2372 sive

90 2389 191 2422 Delta
207 2415 217 2432 ‚
240 2391 286 2424 ob
306 2391 415 2425 literae
442 2391 536 2425 illius
561 2391 764 2425 similitudi-

90 2453 172 2475 nem
192 2444 299 2489 vulgo
319 2443 459 2486 dicitur,
476 2445 567 2478 circa
590 2444 764 2491 oppidum

91 2495 267 2529 Pelusium
287 2498 439 2531 nascitur
450 2497 526 2531 lens
540 2498 766 2543 optima.Vir-

823 2287 944 2331 gilius,
961 2286 1087 2332 Georg.
1111 2291 1203 2330 228,
1226 2291 1259 2322 I:
1283 2291 1376 2323 ‹·Nec
1399 2291 1497 2323 Pelu-

825 2339 921 2373 siacae
949 2352 1070 2373 curam
1091 2344 1318 2387 aspernabere
1344 2344 1445 2377 lentis
1463 2357 1498 2383 ·›;

825 2402 857 2426 et
869 2393 959 2426 Piin.
973 2393 1032 2427 lib.
1044 2394 1267 2441 XVlILcap.
1283 2409 1295 2429 1
1308 2410 1339 2430 2.
1353 2398 1404 2429 De
1415 2397 1497 2430 alica

825 2454 857 2480 et
875 2447 950 2479 faba
968 2459 1076 2493 supra
1093 2447 1226 2482 dictum
1242 2449 1285 2482 ad
1300 2450 1401 2496 hujus
1419 2450 1496 2483 libri

825 2500 1029 2545 epigramm.
1048 2512 1082 2532 VI
1097 2509 1130 2534 et
1144 2514 1207 2534 vn.
