2044 3292
536 252 626 310 ¹74

899 250 958 292 M.
988 250 1126 292 VAL.
1169 247 1558 291 MARTIALIS

1130 399 1337 454 XVII.

974 551 1192 579 TARULA
1231 551 1482 579 LUSORIA.

601 679 687 720 llic
712 675 819 718 mihi
847 675 911 718 bis
937 690 1042 718 seno
1073 684 1330 718 numeratur
1355 683 1515 718 tessera
1545 684 1733 735 punct03

669 744 874 790 Calculus
903 744 974 788 hic
1001 746 1174 805 gemino
1200 744 1390 788 discolor
1418 745 1545 788 hoste
1573 745 1695 806 perit.

600 844 904 900 Δωδεκάκεντος
929 851 1052 899 ἔνεςιν
1082 848 1169 908 ἐμοὶ
1195 845 1336 899 κάδος·
1367 848 1427 895 ἥθ’
1456 850 1700 910 ἑτεροχρὼς,

672 914 905 964 Ᾱντιπάλου
934 914 1104 978 διδύμου
1133 916 1255 978 ψηφὶς
1281 919 1428 962 &mx-w
1454 921 1545 962 ὕπο.

589 1049 617 1071 1.
634 1037 700 1070 Hic
717 1037 791 1070 mihi
803 1036 849 1069 bis
863 1048 953 1075 seno,
969 1042 1035 1069 etc.
1049 1034 1207 1068 Primum

534 1091 577 1124 ab
593 1089 694 1123 initio
711 1087 896 1135 legendum
913 1100 932 1122 e
948 1088 1022 1122 MS.
1042 1088 1117 1120 Hac
1134 1088 1210 1120 mihi

535 1143 650 1189 inquit
678 1142 835 1176 Gronov.
856 1161 908 1167 —
929 1142 986 1174 Bis
1015 1153 1109 1180 seno,
1143 1148 1207 1173 etc.

534 1198 622 1230 Duae
649 1204 730 1229 sunt
759 1194 947 1228 doctorum
972 1193 1131 1226 virorum
1165 1192 1210 1226 de

534 1249 638 1296 hujus
674 1248 836 1282 versiculi
872 1259 976 1281 sensu
1013 1246 1209 1292 opiniones.

535 1303 576 1335 In
596 1303 702 1336 abaco
721 1297 940 1347 (inquiunt),
955 1312 1014 1333 seu
1035 1299 1134 1332 alveo
1158 1299 1211 1331 lu-

535 1354 632 1388 ditur
652 1353 786 1389 duabus
808 1353 962 1395 tesseris,
977 1364 1123 1398 quarum
1145 1364 1211 1384 nu-

536 1420 654 1442 merus
676 1419 848 1447 summus,
868 1405 996 1451 duplex
1015 1404 1124 1439 senio.
1144 1403 1211 1438 Sed

537 1460 621 1507 quid
633 1461 659 1494 si
671 1459 829 1493 dicamus
843 1459 985 1493 abacum
999 1459 1096 1492 hunc
1108 1457 1212 1491 fuisse

537 1513 741 1547 distinctum
764 1524 803 1545 η
828 1513 870 1545 ab
895 1511 990 1544 omni
1012 1512 1118 1544 latere
1146 1518 1211 1544 tes·

537 1567 621 1600 seris
641 1579 699 1600 seu
722 1565 841 1611 spatiis
859 1577 942 1610 quas
961 1564 1118 1609 regiones
1131 1589 1141 1604 ‚
1158 1576 1214 1596 ur-

538 1621 597 1653 bes
626 1632 685 1652 seu
714 1617 876 1652 mandras
906 1615 1153 1663 appellabant?
1175 1625 1213 1650 ut

538 1673 598 1706 lib.
620 1672 712 1714 VII,
738 1671 845 1716 epigr.
878 1681 974 1703 Lxxu
991 1695 1000 1710 ‚
1026 1682 1075 1703 vs.
1107 1671 1140 1702 8.
1162 1690 1209 1696 -—

539 1724 668 1759 Audias
689 1725 813 1758 harum
848 1723 1098 1757 sententiarum
1124 1722 1213 1754 utri-

538 1791 604 1825 que
645 1777 904 1823 patrocinantes
937 1775 1049 1809 fusius
1087 1774 1215 1808 Salma-

538 1833 628 1866 sium
645 1839 679 1864 et
695 1829 931 1864 Gronovium.
949 1828 1051 1862 Prius
1071 1826 1213 1873 quidem

540 1887 586 1919 sic
609 1884 681 1918 fere
709 1882 919 1916 Salmasius:
943 1899 956 1911 α
972 1883 1056 1921 Hic,
1085 1879 1121 1914 id
1144 1888 1213 1922 est,

539 1939 576 1972 in
588 1937 706 1971 tabula
720 1935 909 1970 duodecim
923 1935 1064 1981 punctis
1078 1942 1213 1975 notata,

540 1990 676 2025 luditur
698 1988 741 2023 ad
761 1998 924 2023 tesseram
945 2000 955 2030 ;
977 1996 1011 2021 et
1031 1987 1067 2020 in
1091 1985 1213 2020 eadem

541 2045 644 2079 etiam
673 2043 790 2076 tabula
816 2041 977 2081 calculis,
996 2041 1063 2074 hoc
1087 2048 1139 2073 est
1165 2040 1213 2072 la-

539 2096 708 2132 trunculis
736 2094 883 2128 luditur.
917 2093 984 2126 Hic
1017 2102 1068 2126 est
1094 2104 1213 2126 sensus

542 2150 635 2185 illius
653 2147 806 2181 distichi.
821 2145 953 2180 Eadem
973 2145 1080 2191 igitur
1098 2145 1214 2178 tabula

541 2213 574 2238 et
592 2201 727 2236 tesseris
746 2209 779 2234 et
798 2198 1002 2233 latrunculis
1023 2197 1211 2231 serviebat:

540 2257 601 2292 sed
622 2255 770 2289 alterum
800 2252 927 2286 tabulae
953 2252 1059 2292 latus,
1081 2251 1116 2283 in
1143 2263 1213 2295 quo

543 2307 678 2344 tesseris
701 2306 905 2347 ludebatur,
925 2303 1023 2337 lineis
1044 2304 1099 2336 vel
1121 2315 1213 2348 pun-

540 2364 604 2399 ctis
633 2359 820 2395 duodecim
848 2357 1065 2402 descriptum
1093 2355 1215 2390 distin-

542 2426 708 2460 ctumque
741 2421 813 2446 erat
826 2438 834 2453 ‚
866 2412 899 2444 iu
933 2410 1060 2456 quibus
1092 2409 1213 2442 calculi

541 2470 634 2504 varie
650 2465 944 2510 disponebantur,
957 2471 1064 2509 prout
1081 2471 1214 2495 tesserae

543 2521 758 2557 cecidissent.
782 2519 904 2552 Lineas
930 2516 1003 2550 illas
1030 2516 1100 2549 sive
1129 2528 1216 2560 puu-

544 2585 596 2611 cga
611 2603 620 2618 ‚
636 2576 751 2617 scripta
771 2572 875 2605 etiam
895 2569 1010 2603 Latini
1026 2568 1214 2607 vocabant,

540 2629 651 2663 Graeci
678 2625 831 2672 γραμμὰς
862 2625 915 2657 vel
942 2624 1135 2668 γράμματα.
1168 2622 1216 2654 Ita

541 2682 735 2714 Salmasius.
754 2681 795 2711 At
813 2676 1016 2711 Gronovius
1034 2684 1216 2720 postquam

1266 1033 1357 1067 dixit
1372 1033 1527 1080 primum
1542 1034 1585 1067 ab
1601 1033 1703 1067 initio
1721 1032 1906 1079 legendum
1923 1047 1942 1068 e

1267 1086 1341 1120 MS.
1357 1087 1430 1120 Hac
1441 1087 1525 1126 mihi,
1544 1095 1578 1120 et
1596 1091 1631 1120 τὸ
1646 1088 1705 1120 hac
1715 1086 1764 1121 sic
1777 1087 1942 1133 explicat,

1273 1157 1285 1169 u
1308 1140 1443 1185 Nempe
1463 1140 1578 1174 tabula
1600 1139 1727 1173 lusoria
1744 1165 1753 1180 ‚
1772 1148 1811 1174 ut
1831 1140 1941 1185 epigr.

1268 1205 1357 1225 xxxv
1377 1202 1410 1226 et
1430 1205 1549 1234 xrvu,
1571 1209 1584 1222 n
1605 1191 1724 1238 adjicit
1744 1205 1753 1225 ι
1774 1210 1787 1222 «ι
1807 1191 1943 1226 Deinde

1269 1244 1457 1279 duodecim
1484 1254 1614 1291 puncta
1633 1257 1703 1279 nou
1731 1253 1811 1278 sunt
1841 1245 1945 1278 tabu-

1270 1298 1330 1337 lae,
1354 1307 1392 1332 ut
1422 1298 1458 1330 in
1489 1298 1574 1332 falso
1604 1297 1788 1332 contendit
1814 1297 1943 1332 Salma-

1271 1351 1361 1391 sius,
1380 1359 1414 1385 et
1432 1359 1513 1397 post
1538 1363 1617 1384 eum
1636 1351 1695 1385 alii
1714 1350 1815 1384 multi
1835 1350 1945 1385 credi-

1271 1402 1400 1437 derunt
1412 1431 1421 1445 ‚
1439 1402 1501 1437 sed
1525 1404 1686 1437 binarum
1715 1412 1918 1437 tesserarum
1937 1430 1945 1447 ,

1271 1469 1379 1501 quum
1410 1457 1552 1502 singulae
1580 1470 1651 1490 non
1673 1457 1766 1490 ultra
1794 1469 1851 1490 sex
1883 1457 1944 1490 ha-

1270 1509 1484 1543 beant.Vide
1502 1509 1546 1543 de
1560 1510 1639 1543 Pec.
1657 1510 1737 1543 Vet.
1759 1509 1813 1542 III
1825 1536 1833 1549 ‚
1859 1522 1871 1542 1
1882 1510 1915 1543 5.
1926 1528 1939 1538 a

1270 1562 1290 1595 J
1294 1561 1410 1596 udicet
1431 1562 1549 1596 lector.
1573 1563 1644 1596 Nos
1663 1561 1805 1608 quidem
1827 1570 1944 1607 poste-

1271 1614 1374 1648 rioris
1397 1615 1604 1649 sententiam
1633 1615 1797 1648 libentius
1818 1615 1946 1660 ample-

1271 1667 1413 1709 ctimur,
1427 1677 1460 1702 et
1476 1668 1542 1701 levi
1557 1666 1700 1714 quidem
1713 1694 1722 1710 ,
1736 1679 1809 1700 non
1827 1675 1943 1701 tamen

1271 1721 1421 1766 pessimo
1444 1728 1649 1766 argumento
1675 1720 1814 1754 firmare
1834 1727 1946 1754 tenta-

1272 1773 1397 1807 bimus.
1421 1774 1547 1807 Nullus
1576 1785 1656 1808 sane
1681 1772 1718 1806 id
1745 1773 1781 1806 in
1810 1771 1948 1807 dubita-

1273 1826 1405 1860 tionem
1418 1827 1574 1861 movebit
1585 1826 1734 1861 voluisse
1749 1826 1946 1860 Martialem

1273 1879 1308 1912 in
1340 1879 1408 1914 hoc
1435 1879 1586 1914 disticho
1615 1878 1770 1913 indicare
1798 1879 1878 1925 quis
1902 1879 1947 1913 sit

1273 1933 1397 1967 tabulae
1412 1933 1551 1966 lusoriae
1566 1945 1647 1967 usus
1659 1958 1669 1974 ,
1687 1940 1722 1966 et
1734 1933 1943 1978 quotuplex.

1273 1986 1408 2031 Duplex
1436 1986 1494 2019 ille
1520 1985 1596 2019 est?
1620 1987 1664 2019 At
1686 1985 1850 2019 usitatum
1877 1985 1947 2018 No-

1273 2046 1344 2072 stro
1361 2047 1429 2079 est,
1445 2039 1506 2072 ubi
1525 2039 1574 2072 sic
1589 2037 1632 2072 de
1650 2037 1788 2071 duobus
1803 2037 1875 2071 sive
1895 2050 1946 2071 re-

1272 2091 1337 2124 bus
1359 2091 1430 2124 sive
1451 2091 1536 2124 viris
1553 2091 1664 2131 canit,
1682 2089 1946 2124 similitudinem

1271 2142 1456 2189 quamdam
1486 2151 1520 2176 et
1554 2143 1660 2177 veluti
1686 2145 1884 2188 συμμετρίαν
1909 2144 1946 2176 in

1270 2196 1449 2230 versiculis
1473 2195 1665 2230 instituere.
1687 2196 1743 2230 Sic
1772 2204 1806 2230 et
1838 2196 1874 2229 in
1906 2208 1947 2229 eo

1271 2249 1530 2294 epigrammate,
1543 2250 1602 2282 ubi
1617 2248 1805 2294 respondet
1814 2250 1864 2281 Ιιίι·
1878 2245 1947 2288 (vel

1273 2301 1350 2342 leae)
1383 2307 1429 2347 τῷ
1464 2303 1513 2334 Ιιίε
1541 2299 1615 2341 (vel
1638 2300 1741 2342 huc),
1766 2309 1879 2334 tessera
1900 2307 1947 2346 τῷ

1273 2355 1427 2395 calculus,
1447 2363 1628 2388 numeratur
1647 2360 1691 2400 τῷ
1706 2356 1790 2400 perit
1802 2381 1810 2394 ,
1829 2355 1948 2387 bisseno

1270 2416 1388 2452 puncto
1417 2413 1462 2452 τῷ
1487 2411 1611 2452 gemino
1637 2409 1734 2440 hoste.
1759 2409 1804 2440 At
1825 2410 1949 2452 gemino

1275 2461 1360 2493 hoste
1393 2460 1436 2494 de
1465 2461 1602 2494 calculus
1628 2460 1770 2503 dicitur,
1802 2473 1872 2493 non
1905 2459 1949 2493 de

1272 2515 1364 2558 perit.
1385 2514 1441 2547 Sic
1463 2514 1569 2559 igitur
1588 2514 1623 2547 iu
1640 2513 1758 2559 priore
1779 2513 1949 2546 versiculo

1277 2567 1321 2599 his
1331 2580 1403 2599 aeno
1409 2575 1528 2612 puncto
1537 2566 1581 2600 de
1593 2576 1704 2600 tessera
1715 2565 1846 2600 dictum
1858 2578 1928 2599 esse
1941 2592 1950 2606 ,

1276 2621 1322 2652 (ul
1342 2628 1484 2652 'esserum
1505 2618 1725 2653 l‘efPI'PlldUln
1749 2631 1820 2652 (¹850
1840 2618 1951 2651 omni.-

1278 2685 1323 2705 no
1344 2673 1511 2706 existima.
