<?xml version="1.0" encoding="UTF-8"?>
<!DOCTYPE html PUBLIC "-//W3C//DTD XHTML 1.0 Transitional//EN"
    "http://www.w3.org/TR/xhtml1/DTD/xhtml1-transitional.dtd">
<html xmlns="http://www.w3.org/1999/xhtml" xml:lang="en" lang="en">
 <head>
  <title>
</title>
<meta http-equiv="Content-Type" content="text/html;charset=utf-8" />
  <meta name='ocr-system' content='tesseract 3.04.00' />
  <meta name='ocr-capabilities' content='ocr_page ocr_carea ocr_par ocr_line ocrx_word'/>
</head>
<body>
  <div class='ocr_page' id='page_1' title='image "./epigrammata03martuoft/epigrammata03martuoft_0021.png"; bbox 0 0 1901 3259; ppageno 0'>
   <div class='ocr_carea' id='block_1_1' title="bbox 349 202 1503 259">
    <p class='ocr_par' dir='ltr' id='par_1_1' title="bbox 349 202 1503 259">
     <span class='ocr_line' id='line_1_1' title="bbox 349 202 1503 259; baseline -0.009 -7"><span class='ocrx_word' id='word_1_1' title='bbox 349 205 930 252; x_wconf 84' lang='lat' dir='ltr'><strong>EPIGRAMMATUM</strong></span> <span class='ocrx_word' id='word_1_2' title='bbox 966 204 1094 248; x_wconf 93' lang='lat' dir='ltr'>LIB.</span> <span class='ocrx_word' id='word_1_3' title='bbox 1134 202 1252 246; x_wconf 89' lang='lat' dir='ltr'>XII.</span> <span class='ocrx_word' id='word_1_4' title='bbox 1480 215 1503 259; x_wconf 86' lang='lat'><strong>7</strong></span> 
     </span>
    </p>
   </div>
   <div class='ocr_carea' id='block_1_2' title="bbox 233 291 1076 356">
    <p class='ocr_par' dir='ltr' id='par_1_2' title="bbox 233 291 1076 356">
     <span class='ocr_line' id='line_1_2' title="bbox 233 291 1076 356; baseline -0.006 -17"><span class='ocrx_word' id='word_1_5' title='bbox 233 297 299 339; x_wconf 91' lang='lat' dir='ltr'><strong>Tu</strong></span> <span class='ocrx_word' id='word_1_6' title='bbox 325 295 400 339; x_wconf 84' lang='lat' dir='ltr'><strong>das</strong></span> <span class='ocrx_word' id='word_1_7' title='bbox 425 296 623 356; x_wconf 85' lang='lat' dir='ltr'><strong>ingenuae</strong></span> <span class='ocrx_word' id='word_1_8' title='bbox 648 294 719 354; x_wconf 83' lang='lat' dir='ltr'><strong>jus</strong></span> <span class='ocrx_word' id='word_1_9' title='bbox 748 293 852 337; x_wconf 89' lang='lat' dir='ltr'><strong>mihi</strong></span> <span class='ocrx_word' id='word_1_10' title='bbox 881 291 1076 353; x_wconf 82' lang='lat' dir='ltr'><strong>pigritiae.</strong></span> 
     </span>
    </p>
   </div>
   <div class='ocr_carea' id='block_1_3' title="bbox 92 424 774 738">
    <p class='ocr_par' dir='ltr' id='par_1_3' title="bbox 92 424 774 738">
     <span class='ocr_line' id='line_1_3' title="bbox 150 424 770 471; baseline -0.005 -11"><span class='ocrx_word' id='word_1_11' title='bbox 150 430 185 460; x_wconf 88' lang='lat'><strong>6.</strong></span> <span class='ocrx_word' id='word_1_12' title='bbox 210 428 359 471; x_wconf 77' lang='lat' dir='ltr'><strong>Ingenuae</strong></span> <span class='ocrx_word' id='word_1_13' title='bbox 374 439 503 459; x_wconf 82' lang='lat' dir='ltr'><strong>munera</strong></span> <span class='ocrx_word' id='word_1_14' title='bbox 517 427 674 471; x_wconf 66' lang='lat' dir='ltr'><strong>pigritiae.</strong></span> <span class='ocrx_word' id='word_1_15' title='bbox 690 424 770 457; x_wconf 89' lang='lat' dir='ltr'><strong>Ald.</strong></span> 
     </span>
     <span class='ocr_line' id='line_1_4' title="bbox 95 479 774 524; baseline -0.001 -12"><span class='ocrx_word' id='word_1_16' title='bbox 95 481 192 512; x_wconf 88' lang='lat' dir='ltr'><strong>Junt.</strong></span> <span class='ocrx_word' id='word_1_17' title='bbox 209 480 323 513; x_wconf 87' lang='lat' dir='ltr'><strong>Colin.</strong></span> <span class='ocrx_word' id='word_1_18' title='bbox 334 480 411 513; x_wconf 88' lang='lat' dir='ltr'><strong>Par.</strong></span> <span class='ocrx_word' id='word_1_19' title='bbox 429 492 442 512; x_wconf 94' lang='lat'>1</span> <span class='ocrx_word' id='word_1_20' title='bbox 453 482 473 513; x_wconf 88' lang='grc'>6</span> <span class='ocrx_word' id='word_1_21' title='bbox 483 491 496 512; x_wconf 89' lang='lat'>1</span> <span class='ocrx_word' id='word_1_22' title='bbox 506 491 540 523; x_wconf 89' lang='lat'><strong>7.</strong></span> <span class='ocrx_word' id='word_1_23' title='bbox 554 479 680 524; x_wconf 86' lang='lat' dir='ltr'><strong>Delph.</strong></span> <span class='ocrx_word' id='word_1_24' title='bbox 694 479 774 511; x_wconf 84' lang='lat' dir='ltr'><strong>Far·</strong></span> 
     </span>
     <span class='ocr_line' id='line_1_5' title="bbox 95 530 771 566; baseline -0.001 -1"><span class='ocrx_word' id='word_1_25' title='bbox 95 533 178 566; x_wconf 86' lang='lat' dir='ltr'><strong>nab.</strong></span> <span class='ocrx_word' id='word_1_26' title='bbox 202 533 367 566; x_wconf 82' lang='lat' dir='ltr'>Nostram</span> <span class='ocrx_word' id='word_1_27' title='bbox 388 533 470 566; x_wconf 86' lang='lat' dir='ltr'><strong>lect.</strong></span> <span class='ocrx_word' id='word_1_28' title='bbox 498 532 666 565; x_wconf 82' lang='lat' dir='ltr'><strong>exhibent</strong></span> <span class='ocrx_word' id='word_1_29' title='bbox 689 530 771 565; x_wconf 86' lang='lat' dir='ltr'><strong>edd.</strong></span> 
     </span>
     <span class='ocr_line' id='line_1_6' title="bbox 95 585 774 629; baseline -0.001 -10"><span class='ocrx_word' id='word_1_30' title='bbox 95 586 235 619; x_wconf 82' lang='lat' dir='ltr'><strong>Schrev.</strong></span> <span class='ocrx_word' id='word_1_31' title='bbox 249 586 405 619; x_wconf 83' lang='lat' dir='ltr'><strong>etMaitt.</strong></span> <span class='ocrx_word' id='word_1_32' title='bbox 418 585 615 619; x_wconf 78' lang='lat' dir='ltr'><em>Ba1·b0u.--</em></span> <span class='ocrx_word' id='word_1_33' title='bbox 624 586 774 629; x_wconf 75' lang='lat' dir='ltr'><strong>Iugetmae</strong></span> 
     </span>
     <span class='ocr_line' id='line_1_7' title="bbox 92 638 773 685; baseline 0 -14"><span class='ocrx_word' id='word_1_34' title='bbox 92 641 144 682; x_wconf 83' lang='lat' dir='ltr'><strong>jus</strong></span> <span class='ocrx_word' id='word_1_35' title='bbox 171 640 246 671; x_wconf 69' lang='lat' dir='ltr'><strong>mila·</strong></span> <span class='ocrx_word' id='word_1_36' title='bbox 262 641 418 685; x_wconf 66' lang='lat' dir='ltr'><strong>pigritiae.</strong></span> <span class='ocrx_word' id='word_1_37' title='bbox 446 638 569 672; x_wconf 84' lang='lat' dir='ltr'><strong>Otium</strong></span> <span class='ocrx_word' id='word_1_38' title='bbox 595 638 773 671; x_wconf 83' lang='lat' dir='ltr'><strong>literatum</strong></span> 
     </span>
     <span class='ocr_line' id='line_1_8' title="bbox 96 690 773 738; baseline -0.001 -13"><span class='ocrx_word' id='word_1_39' title='bbox 96 692 265 738; x_wconf 84' lang='lat' dir='ltr'>intellige,</span> <span class='ocrx_word' id='word_1_40' title='bbox 280 692 424 725; x_wconf 87' lang='lat' dir='ltr'><strong>homine</strong></span> <span class='ocrx_word' id='word_1_41' title='bbox 440 691 593 737; x_wconf 88' lang='lat' dir='ltr'><strong>ingenuo</strong></span> <span class='ocrx_word' id='word_1_42' title='bbox 613 690 708 724; x_wconf 87' lang='lat' dir='ltr'>haud</span> <span class='ocrx_word' id='word_1_43' title='bbox 721 691 773 724; x_wconf 88' lang='lat' dir='ltr'><strong>in-</strong></span> 
     </span>
    </p>
   </div>
   <div class='ocr_carea' id='block_1_4' title="bbox 832 417 1511 736">
    <p class='ocr_par' dir='ltr' id='par_1_4' title="bbox 832 417 1511 736">
     <span class='ocr_line' id='line_1_9' title="bbox 833 417 1507 469; baseline -0.01 -12"><span class='ocrx_word' id='word_1_44' title='bbox 833 423 982 469; x_wconf 88' lang='lat' dir='ltr'><strong>dignum</strong></span> <span class='ocrx_word' id='word_1_45' title='bbox 1017 430 1098 468; x_wconf 88' lang='lat' dir='ltr'><strong>post</strong></span> <span class='ocrx_word' id='word_1_46' title='bbox 1142 421 1286 455; x_wconf 86' lang='lat' dir='ltr'><strong>emerita</strong></span> <span class='ocrx_word' id='word_1_47' title='bbox 1321 417 1507 464; x_wconf 80' lang='lat' dir='ltr'><strong>stipendia.</strong></span> 
     </span>
     <span class='ocr_line' id='line_1_10' title="bbox 832 471 1510 519; baseline -0.01 -9"><span class='ocrx_word' id='word_1_48' title='bbox 832 477 899 510; x_wconf 70' lang='lat' dir='ltr'><strong>Sex</strong></span> <span class='ocrx_word' id='word_1_49' title='bbox 925 475 1069 509; x_wconf 88' lang='lat' dir='ltr'><strong>ultimos</strong></span> <span class='ocrx_word' id='word_1_50' title='bbox 1102 486 1223 508; x_wconf 78' lang='lat' dir='ltr'><strong>versus</strong></span> <span class='ocrx_word' id='word_1_51' title='bbox 1252 471 1510 519; x_wconf 80' lang='lat' dir='ltr'>epigrammatis</span> 
     </span>
     <span class='ocr_line' id='line_1_11' title="bbox 832 525 1511 573; baseline -0.01 -10"><span class='ocrx_word' id='word_1_52' title='bbox 832 529 920 564; x_wconf 80' lang='lat' dir='ltr'><strong>sexti</strong></span> <span class='ocrx_word' id='word_1_53' title='bbox 951 529 1037 563; x_wconf 85' lang='lat' dir='ltr'><strong>huic</strong></span> <span class='ocrx_word' id='word_1_54' title='bbox 1088 525 1353 573; x_wconf 84' lang='lat' dir='ltr'><strong>conjungendos</strong></span> <span class='ocrx_word' id='word_1_55' title='bbox 1395 532 1511 558; x_wconf 83' lang='lat' dir='ltr'><strong>censet.</strong></span> 
     </span>
     <span class='ocr_line' id='line_1_12' title="bbox 832 575 1509 625; baseline -0.013 -8"><span class='ocrx_word' id='word_1_56' title='bbox 832 583 1020 617; x_wconf 83' lang='lat' dir='ltr'>Turnebus</span> <span class='ocrx_word' id='word_1_57' title='bbox 1034 582 1096 615; x_wconf 87' lang='lat' dir='ltr'><strong>lib.</strong></span> <span class='ocrx_word' id='word_1_58' title='bbox 1115 581 1221 614; x_wconf 90' lang='lat' dir='ltr'><strong>XXX</strong></span> <span class='ocrx_word' id='word_1_59' title='bbox 1234 605 1242 620; x_wconf 93' lang='lat'><strong><em>‚</em></strong></span> <span class='ocrx_word' id='word_1_60' title='bbox 1265 592 1340 625; x_wconf 86' lang='lat' dir='ltr'>cap.</span> <span class='ocrx_word' id='word_1_61' title='bbox 1368 579 1424 611; x_wconf 80' lang='lat'><strong>26.</strong></span> <span class='ocrx_word' id='word_1_62' title='bbox 1441 575 1509 609; x_wconf 86' lang='lat' dir='ltr'><strong>Sed</strong></span> 
     </span>
     <span class='ocr_line' id='line_1_13' title="bbox 834 630 1511 680; baseline -0.013 -10"><span class='ocrx_word' id='word_1_63' title='bbox 834 644 904 670; x_wconf 91' lang='lat' dir='ltr'><strong>tam</strong></span> <span class='ocrx_word' id='word_1_64' title='bbox 920 636 1045 670; x_wconf 86' lang='lat' dir='ltr'><strong>Nervae</strong></span> <span class='ocrx_word' id='word_1_65' title='bbox 1057 645 1162 680; x_wconf 83' lang='lat' dir='ltr'><strong>quam</strong></span> <span class='ocrx_word' id='word_1_66' title='bbox 1183 633 1300 667; x_wconf 86' lang='lat' dir='ltr'><strong>Prisco</strong></span> <span class='ocrx_word' id='word_1_67' title='bbox 1323 630 1511 666; x_wconf 86' lang='lat' dir='ltr'><strong>convenire</strong></span> 
     </span>
     <span class='ocr_line' id='line_1_14' title="bbox 834 687 1140 736; baseline -0.013 -12"><span class='ocrx_word' id='word_1_68' title='bbox 834 702 935 736; x_wconf 84' lang='lat' dir='ltr'><strong>posse</strong></span> <span class='ocrx_word' id='word_1_69' title='bbox 963 687 1140 723; x_wconf 77' lang='lat' dir='ltr'><strong>videntur.</strong></span> 
     </span>
    </p>
   </div>
   <div class='ocr_carea' id='block_1_5' title="bbox 767 825 833 883">
    <p class='ocr_par' dir='ltr' id='par_1_5' title="bbox 767 825 833 883">
     <span class='ocr_line' id='line_1_15' title="bbox 767 825 833 883; baseline 0.061 -4"><span class='ocrx_word' id='word_1_70' title='bbox 767 825 833 883; x_wconf 91' lang='lat' dir='ltr'><strong>V.</strong></span> 
     </span>
    </p>
   </div>
   <div class='ocr_carea' id='block_1_6' title="bbox 609 981 1005 1010">
    <p class='ocr_par' dir='ltr' id='par_1_6' title="bbox 609 981 1005 1010">
     <span class='ocr_line' id='line_1_16' title="bbox 609 981 1005 1010; baseline -0.005 0"><span class='ocrx_word' id='word_1_71' title='bbox 609 982 677 1010; x_wconf 84' lang='lat' dir='ltr'><strong>AD</strong></span> <span class='ocrx_word' id='word_1_72' title='bbox 716 981 1005 1010; x_wconf 74' lang='lat' dir='ltr'><strong>CAESAREM.</strong></span> 
     </span>
    </p>
   </div>
   <div class='ocr_carea' id='block_1_7' title="bbox 170 1105 1304 1381">
    <p class='ocr_par' dir='ltr' id='par_1_7' title="bbox 170 1105 1304 1381">
     <span class='ocr_line' id='line_1_17' title="bbox 170 1105 1259 1167; baseline -0.004 -15"><span class='ocrx_word' id='word_1_73' title='bbox 170 1110 391 1152; x_wconf 75' lang='lat' dir='ltr'><strong>LONGioR</strong></span> <span class='ocrx_word' id='word_1_74' title='bbox 423 1107 643 1151; x_wconf 83' lang='lat' dir='ltr'><strong>undecimi</strong></span> <span class='ocrx_word' id='word_1_75' title='bbox 674 1107 827 1162; x_wconf 82' lang='lat' dir='ltr'><strong>nobis,</strong></span> <span class='ocrx_word' id='word_1_76' title='bbox 855 1106 1099 1167; x_wconf 84' lang='lat' dir='ltr'><strong>decimique</strong></span> <span class='ocrx_word' id='word_1_77' title='bbox 1131 1105 1259 1149; x_wconf 78' lang='lat' dir='ltr'><strong>libelli</strong></span> 
     </span>
     <span class='ocr_line' id='line_1_18' title="bbox 239 1173 1232 1238; baseline -0.003 -17"><span class='ocrx_word' id='word_1_78' title='bbox 239 1180 443 1223; x_wconf 84' lang='lat' dir='ltr'>Arctatus</span> <span class='ocrx_word' id='word_1_79' title='bbox 472 1177 595 1222; x_wconf 82' lang='lat' dir='ltr'><strong>labor</strong></span> <span class='ocrx_word' id='word_1_80' title='bbox 619 1187 683 1222; x_wconf 86' lang='lat' dir='ltr'><strong>est</strong></span> <span class='ocrx_word' id='word_1_81' title='bbox 701 1173 785 1231; x_wconf 62' lang='lat' dir='ltr'><strong>‚et</strong></span> <span class='ocrx_word' id='word_1_82' title='bbox 812 1177 945 1220; x_wconf 84' lang='lat' dir='ltr'><strong>breve</strong></span> <span class='ocrx_word' id='word_1_83' title='bbox 975 1178 1079 1221; x_wconf 82' lang='lat' dir='ltr'><strong>rasit</strong></span> <span class='ocrx_word' id='word_1_84' title='bbox 1110 1193 1232 1238; x_wconf 86' lang='lat' dir='ltr'><strong>opus.</strong></span> 
     </span>
     <span class='ocr_line' id='line_1_19' title="bbox 175 1246 1304 1309; baseline -0.002 -17"><span class='ocrx_word' id='word_1_85' title='bbox 175 1249 303 1292; x_wconf 87' lang='lat' dir='ltr'><strong>Plura</strong></span> <span class='ocrx_word' id='word_1_86' title='bbox 334 1248 482 1309; x_wconf 82' lang='lat' dir='ltr'><strong>legant</strong></span> <span class='ocrx_word' id='word_1_87' title='bbox 512 1250 662 1302; x_wconf 82' lang='lat' dir='ltr'><strong>vacui,</strong></span> <span class='ocrx_word' id='word_1_88' title='bbox 695 1249 851 1309; x_wconf 87' lang='lat' dir='ltr'><strong>quibus</strong></span> <span class='ocrx_word' id='word_1_89' title='bbox 883 1249 972 1292; x_wconf 86' lang='lat' dir='ltr'><strong>otia</strong></span> <span class='ocrx_word' id='word_1_90' title='bbox 1001 1256 1095 1291; x_wconf 81' lang='lat' dir='ltr'>tuta</span> <span class='ocrx_word' id='word_1_91' title='bbox 1121 1246 1304 1299; x_wconf 79' lang='lat' dir='ltr'><strong>dedisti3</strong></span> 
     </span>
     <span class='ocr_line' id='line_1_20' title="bbox 244 1316 1270 1381; baseline -0.004 -17"><span class='ocrx_word' id='word_1_92' title='bbox 244 1322 348 1364; x_wconf 83' lang='lat' dir='ltr'><strong>Haec</strong></span> <span class='ocrx_word' id='word_1_93' title='bbox 374 1319 468 1381; x_wconf 84' lang='lat' dir='ltr'><strong>lege</strong></span> <span class='ocrx_word' id='word_1_94' title='bbox 493 1329 563 1375; x_wconf 83' lang='lat' dir='ltr'><strong>tu,</strong></span> <span class='ocrx_word' id='word_1_95' title='bbox 590 1322 736 1364; x_wconf 85' lang='lat' dir='ltr'><strong>Caesar</strong></span> <span class='ocrx_word' id='word_1_96' title='bbox 757 1336 765 1362; x_wconf 93' lang='lat'>:</span> <span class='ocrx_word' id='word_1_97' title='bbox 788 1319 936 1363; x_wconf 85' lang='lat' dir='ltr'>forsan</span> <span class='ocrx_word' id='word_1_98' title='bbox 965 1328 1008 1362; x_wconf 88' lang='lat' dir='ltr'><strong>et</strong></span> <span class='ocrx_word' id='word_1_99' title='bbox 1038 1317 1112 1362; x_wconf 86' lang='lat' dir='ltr'><strong>illa</strong></span> <span class='ocrx_word' id='word_1_100' title='bbox 1141 1316 1270 1378; x_wconf 83' lang='lat' dir='ltr'><strong>leges.</strong></span> 
     </span>
    </p>
   </div>
   <div class='ocr_carea' id='block_1_8' title="bbox 103 1461 782 1879">
    <p class='ocr_par' dir='ltr' id='par_1_8' title="bbox 103 1461 782 1761">
     <span class='ocr_line' id='line_1_21' title="bbox 161 1461 780 1508; baseline 0.003 -14"><span class='ocrx_word' id='word_1_101' title='bbox 161 1475 173 1494; x_wconf 83' lang='grc' dir='ltr'>ῐ</span> <span class='ocrx_word' id='word_1_102' title='bbox 182 1489 190 1496; x_wconf 94' lang='grc'><strong>.</strong></span> <span class='ocrx_word' id='word_1_103' title='bbox 203 1463 353 1507; x_wconf 73' lang='lat' dir='ltr'><strong>Longior.</strong></span> <span class='ocrx_word' id='word_1_104' title='bbox 368 1461 512 1495; x_wconf 82' lang='lat' dir='ltr'><strong>Editum</strong></span> <span class='ocrx_word' id='word_1_105' title='bbox 521 1464 592 1508; x_wconf 84' lang='lat' dir='ltr'><strong>jam</strong></span> <span class='ocrx_word' id='word_1_106' title='bbox 604 1462 780 1496; x_wconf 88' lang='lat' dir='ltr'><strong>decimum</strong></span> 
     </span>
     <span class='ocr_line' id='line_1_22' title="bbox 103 1514 781 1560; baseline 0.001 -12"><span class='ocrx_word' id='word_1_107' title='bbox 103 1524 205 1560; x_wconf 80' lang='lat' dir='ltr'><strong>atque</strong></span> <span class='ocrx_word' id='word_1_108' title='bbox 219 1514 446 1549; x_wconf 85' lang='lat' dir='ltr'><strong>undecimum</strong></span> <span class='ocrx_word' id='word_1_109' title='bbox 460 1516 590 1549; x_wconf 88' lang='lat' dir='ltr'><strong>librum</strong></span> <span class='ocrx_word' id='word_1_110' title='bbox 604 1516 781 1550; x_wconf 76' lang='lat' dir='ltr'><strong>revocavit</strong></span> 
     </span>
     <span class='ocr_line' id='line_1_23' title="bbox 105 1567 780 1614; baseline 0.001 -13"><span class='ocrx_word' id='word_1_111' title='bbox 105 1576 139 1601; x_wconf 86' lang='lat' dir='ltr'><strong>et</strong></span> <span class='ocrx_word' id='word_1_112' title='bbox 149 1568 321 1601; x_wconf 82' lang='lat' dir='ltr'><strong>contraxit</strong></span> <span class='ocrx_word' id='word_1_113' title='bbox 336 1580 343 1601; x_wconf 92' lang='lat'>:</span> <span class='ocrx_word' id='word_1_114' title='bbox 358 1567 401 1601; x_wconf 85' lang='lat' dir='ltr'><strong>ad</strong></span> <span class='ocrx_word' id='word_1_115' title='bbox 418 1582 479 1602; x_wconf 89' lang='lat' dir='ltr'><strong>nos</strong></span> <span class='ocrx_word' id='word_1_116' title='bbox 497 1577 610 1602; x_wconf 86' lang='lat' dir='ltr'><strong>tamen</strong></span> <span class='ocrx_word' id='word_1_117' title='bbox 624 1570 780 1614; x_wconf 76' lang='lat' dir='ltr'><strong>integros</strong></span> 
     </span>
     <span class='ocr_line' id='line_1_24' title="bbox 105 1621 782 1666; baseline 0.001 -12"><span class='ocrx_word' id='word_1_118' title='bbox 105 1622 303 1666; x_wconf 81' lang='lat' dir='ltr'><strong>pervenisse</strong></span> <span class='ocrx_word' id='word_1_119' title='bbox 326 1622 452 1655; x_wconf 86' lang='lat' dir='ltr'><strong>merito</strong></span> <span class='ocrx_word' id='word_1_120' title='bbox 475 1623 648 1656; x_wconf 80' lang='lat' dir='ltr'><strong>existimat</strong></span> <span class='ocrx_word' id='word_1_121' title='bbox 670 1621 782 1656; x_wconf 87' lang='lat' dir='ltr'><strong>Rade-</strong></span> 
     </span>
     <span class='ocr_line' id='line_1_25' title="bbox 105 1675 781 1721; baseline 0.001 -14"><span class='ocrx_word' id='word_1_122' title='bbox 105 1687 181 1715; x_wconf 88' lang='lat' dir='ltr'><strong>rus;</strong></span> <span class='ocrx_word' id='word_1_123' title='bbox 200 1683 281 1707; x_wconf 88' lang='lat' dir='ltr'><strong>sunt</strong></span> <span class='ocrx_word' id='word_1_124' title='bbox 297 1675 391 1708; x_wconf 86' lang='lat' dir='ltr'><strong>euim</strong></span> <span class='ocrx_word' id='word_1_125' title='bbox 407 1687 503 1721; x_wconf 88' lang='lat' dir='ltr'><strong>aeque</strong></span> <span class='ocrx_word' id='word_1_126' title='bbox 518 1676 612 1720; x_wconf 89' lang='lat' dir='ltr'><strong>longi</strong></span> <span class='ocrx_word' id='word_1_127' title='bbox 629 1688 666 1708; x_wconf 86' lang='lat' dir='ltr'><strong>ac</strong></span> <span class='ocrx_word' id='word_1_128' title='bbox 681 1675 781 1721; x_wconf 90' lang='lat' dir='ltr'><strong>prio-</strong></span> 
     </span>
     <span class='ocr_line' id='line_1_26' title="bbox 105 1727 270 1761; baseline 0 -1"><span class='ocrx_word' id='word_1_129' title='bbox 105 1740 159 1761; x_wconf 88' lang='lat' dir='ltr'><strong>res</strong></span> <span class='ocrx_word' id='word_1_130' title='bbox 176 1727 270 1761; x_wconf 87' lang='lat' dir='ltr'><strong>libri.</strong></span> 
     </span>
    </p>

    <p class='ocr_par' dir='ltr' id='par_1_9' title="bbox 110 1780 782 1879">
     <span class='ocr_line' id='line_1_27' title="bbox 163 1780 782 1826; baseline 0 -13"><span class='ocrx_word' id='word_1_131' title='bbox 163 1793 195 1813; x_wconf 81' lang='lat'><strong>2.</strong></span> <span class='ocrx_word' id='word_1_132' title='bbox 218 1781 323 1813; x_wconf 74' lang='lat' dir='ltr'><strong>Rasit.</strong></span> <span class='ocrx_word' id='word_1_133' title='bbox 354 1780 464 1813; x_wconf 87' lang='lat' dir='ltr'><strong>Aldus</strong></span> <span class='ocrx_word' id='word_1_134' title='bbox 491 1781 574 1826; x_wconf 81' lang='lat' dir='ltr'><strong>legit</strong></span> <span class='ocrx_word' id='word_1_135' title='bbox 602 1783 700 1814; x_wconf 75' lang='lat' dir='ltr'><strong>vasie.</strong></span> <span class='ocrx_word' id='word_1_136' title='bbox 730 1782 782 1813; x_wconf 81' lang='lat' dir='ltr'><strong>De</strong></span> 
     </span>
     <span class='ocr_line' id='line_1_28' title="bbox 110 1833 782 1879; baseline 0 -13"><span class='ocrx_word' id='word_1_137' title='bbox 110 1834 199 1878; x_wconf 68' lang='lat' dir='ltr'><strong>Rooy¹</strong></span> <span class='ocrx_word' id='word_1_138' title='bbox 212 1842 250 1867; x_wconf 91' lang='lat' dir='ltr'><strong>ut</strong></span> <span class='ocrx_word' id='word_1_139' title='bbox 260 1845 362 1879; x_wconf 82' lang='lat' dir='ltr'><strong>supra</strong></span> <span class='ocrx_word' id='word_1_140' title='bbox 378 1833 439 1866; x_wconf 88' lang='lat' dir='ltr'><strong>lib.</strong></span> <span class='ocrx_word' id='word_1_141' title='bbox 459 1833 509 1866; x_wconf 88' lang='lat' dir='ltr'><strong>IX</strong></span> <span class='ocrx_word' id='word_1_142' title='bbox 521 1858 529 1870; x_wconf 91' lang='lat'>‚</span> <span class='ocrx_word' id='word_1_143' title='bbox 552 1833 642 1879; x_wconf 83' lang='lat' dir='ltr'><strong>epig.</strong></span> <span class='ocrx_word' id='word_1_144' title='bbox 660 1845 760 1866; x_wconf 78' lang='lat' dir='ltr'><strong>xxvn</strong></span> <span class='ocrx_word' id='word_1_145' title='bbox 773 1859 782 1874; x_wconf 93' lang='lat'>,</span> 
     </span>
    </p>
   </div>
   <div class='ocr_carea' id='block_1_9' title="bbox 840 1459 1526 1879">
    <p class='ocr_par' dir='ltr' id='par_1_10' title="bbox 840 1459 1519 1602">
     <span class='ocr_line' id='line_1_29' title="bbox 840 1459 1519 1506; baseline -0.004 -12"><span class='ocrx_word' id='word_1_146' title='bbox 840 1475 889 1495; x_wconf 83' lang='lat' dir='ltr'><strong>vs.</strong></span> <span class='ocrx_word' id='word_1_147' title='bbox 920 1475 985 1504; x_wconf 87' lang='lat'><strong>10,</strong></span> <span class='ocrx_word' id='word_1_148' title='bbox 1014 1462 1089 1494; x_wconf 77' lang='lat' dir='ltr'><em>lusit</em></span> <span class='ocrx_word' id='word_1_149' title='bbox 1112 1474 1187 1506; x_wconf 75' lang='lat' dir='ltr'><strong>opus</strong></span> <span class='ocrx_word' id='word_1_150' title='bbox 1208 1469 1330 1493; x_wconf 81' lang='lat' dir='ltr'><strong>tentat.</strong></span> <span class='ocrx_word' id='word_1_151' title='bbox 1350 1480 1401 1485; x_wconf 93' lang='lat'><strong>-—-</strong></span> <span class='ocrx_word' id='word_1_152' title='bbox 1421 1459 1519 1492; x_wconf 63' lang='lat' dir='ltr'><strong>Breve</strong></span> 
     </span>
     <span class='ocr_line' id='line_1_30' title="bbox 841 1511 1518 1559; baseline -0.004 -11"><span class='ocrx_word' id='word_1_153' title='bbox 841 1518 929 1549; x_wconf 81' lang='lat' dir='ltr'><strong>rasit.</strong></span> <span class='ocrx_word' id='word_1_154' title='bbox 948 1520 1023 1548; x_wconf 88' lang='lat' dir='ltr'><strong>Hoc</strong></span> <span class='ocrx_word' id='word_1_155' title='bbox 1043 1523 1111 1556; x_wconf 82' lang='lat' dir='ltr'><strong>est,</strong></span> <span class='ocrx_word' id='word_1_156' title='bbox 1133 1511 1332 1559; x_wconf 81' lang='lat' dir='ltr'><strong>castigando</strong></span> <span class='ocrx_word' id='word_1_157' title='bbox 1352 1520 1385 1546; x_wconf 87' lang='lat' dir='ltr'><strong>et</strong></span> <span class='ocrx_word' id='word_1_158' title='bbox 1401 1525 1518 1546; x_wconf 84' lang='lat' dir='ltr'><strong>emen-</strong></span> 
     </span>
     <span class='ocr_line' id='line_1_31' title="bbox 840 1567 1229 1602; baseline -0.008 0"><span class='ocrx_word' id='word_1_159' title='bbox 840 1568 959 1602; x_wconf 80' lang='lat' dir='ltr'><strong>dando</strong></span> <span class='ocrx_word' id='word_1_160' title='bbox 980 1568 1091 1601; x_wconf 81' lang='lat' dir='ltr'><strong>multa</strong></span> <span class='ocrx_word' id='word_1_161' title='bbox 1113 1567 1229 1601; x_wconf 87' lang='lat' dir='ltr'><strong>erasit.</strong></span> 
     </span>
    </p>

    <p class='ocr_par' dir='ltr' id='par_1_11' title="bbox 841 1618 1526 1879">
     <span class='ocr_line' id='line_1_32' title="bbox 897 1618 1520 1666; baseline -0.008 -12"><span class='ocrx_word' id='word_1_162' title='bbox 897 1626 929 1662; x_wconf 78' lang='grc'><strong>4.</strong></span> <span class='ocrx_word' id='word_1_163' title='bbox 950 1621 1033 1654; x_wconf 82' lang='lat' dir='ltr'><strong>Haec</strong></span> <span class='ocrx_word' id='word_1_164' title='bbox 1049 1622 1127 1666; x_wconf 75' lang='lat' dir='ltr'><strong>lege.</strong></span> <span class='ocrx_word' id='word_1_165' title='bbox 1146 1621 1221 1654; x_wconf 91' lang='lat' dir='ltr'><strong>Hoc</strong></span> <span class='ocrx_word' id='word_1_166' title='bbox 1238 1626 1307 1659; x_wconf 86' lang='lat' dir='ltr'><strong>est,</strong></span> <span class='ocrx_word' id='word_1_167' title='bbox 1329 1619 1393 1652; x_wconf 88' lang='lat' dir='ltr'><strong>hos</strong></span> <span class='ocrx_word' id='word_1_168' title='bbox 1411 1618 1520 1651; x_wconf 87' lang='lat' dir='ltr'><strong>libros</strong></span> 
     </span>
     <span class='ocr_line' id='line_1_33' title="bbox 841 1671 1520 1716; baseline -0.007 -8"><span class='ocrx_word' id='word_1_169' title='bbox 841 1683 1037 1708; x_wconf 80' lang='lat' dir='ltr'><strong>contractos</strong></span> <span class='ocrx_word' id='word_1_170' title='bbox 1053 1686 1061 1708; x_wconf 90' lang='lat'>:</span> <span class='ocrx_word' id='word_1_171' title='bbox 1077 1674 1160 1707; x_wconf 84' lang='lat' dir='ltr'><strong>alios</strong></span> <span class='ocrx_word' id='word_1_172' title='bbox 1178 1685 1262 1706; x_wconf 81' lang='lat' dir='ltr'><strong>vero</strong></span> <span class='ocrx_word' id='word_1_173' title='bbox 1279 1671 1455 1716; x_wconf 86' lang='lat' dir='ltr'><strong>longiores</strong></span> <span class='ocrx_word' id='word_1_174' title='bbox 1475 1671 1520 1703; x_wconf 88' lang='lat' dir='ltr'><strong>le-</strong></span> 
     </span>
     <span class='ocr_line' id='line_1_34' title="bbox 841 1725 1521 1773; baseline -0.009 -12"><span class='ocrx_word' id='word_1_175' title='bbox 841 1726 973 1773; x_wconf 85' lang='lat' dir='ltr'><strong>gendos</strong></span> <span class='ocrx_word' id='word_1_176' title='bbox 998 1728 1041 1761; x_wconf 86' lang='lat' dir='ltr'><strong>iis</strong></span> <span class='ocrx_word' id='word_1_177' title='bbox 1062 1727 1224 1771; x_wconf 86' lang='lat' dir='ltr'><strong>relinque</strong></span> <span class='ocrx_word' id='word_1_178' title='bbox 1242 1751 1250 1767; x_wconf 91' lang='lat'>‚</span> <span class='ocrx_word' id='word_1_179' title='bbox 1271 1725 1398 1770; x_wconf 88' lang='lat' dir='ltr'><strong>quibus</strong></span> <span class='ocrx_word' id='word_1_180' title='bbox 1416 1731 1453 1756; x_wconf 91' lang='lat' dir='ltr'><strong>tu</strong></span> <span class='ocrx_word' id='word_1_181' title='bbox 1467 1748 1476 1762; x_wconf 84' lang='lat'><strong>,</strong></span> <span class='ocrx_word' id='word_1_182' title='bbox 1499 1735 1521 1756; x_wconf 86' lang='lat'><em>0</em></span> 
     </span>
     <span class='ocr_line' id='line_1_35' title="bbox 843 1776 1526 1820; baseline -0.007 -6"><span class='ocrx_word' id='word_1_183' title='bbox 843 1782 958 1814; x_wconf 88' lang='lat' dir='ltr'><strong>Caesar</strong></span> <span class='ocrx_word' id='word_1_184' title='bbox 979 1806 988 1820; x_wconf 90' lang='lat'>‚</span> <span class='ocrx_word' id='word_1_185' title='bbox 1017 1781 1126 1813; x_wconf 86' lang='lat' dir='ltr'><strong>otium</strong></span> <span class='ocrx_word' id='word_1_186' title='bbox 1157 1787 1272 1812; x_wconf 84' lang='lat' dir='ltr'><strong>tutum</strong></span> <span class='ocrx_word' id='word_1_187' title='bbox 1304 1776 1526 1819; x_wconf 85' lang='lat' dir='ltr'><strong>concessisti,</strong></span> 
     </span>
     <span class='ocr_line' id='line_1_36' title="bbox 843 1829 1523 1879; baseline -0.006 -13"><span class='ocrx_word' id='word_1_188' title='bbox 843 1846 913 1879; x_wconf 83' lang='lat' dir='ltr'><strong>quo</strong></span> <span class='ocrx_word' id='word_1_189' title='bbox 934 1833 1099 1866; x_wconf 81' lang='lat' dir='ltr'><strong>carebant</strong></span> <span class='ocrx_word' id='word_1_190' title='bbox 1118 1839 1286 1877; x_wconf 83' lang='lat' dir='ltr'><strong>regnante</strong></span> <span class='ocrx_word' id='word_1_191' title='bbox 1308 1829 1523 1865; x_wconf 84' lang='lat' dir='ltr'><strong>Domitiano.</strong></span> 
     </span>
    </p>
   </div>
   <div class='ocr_carea' id='block_1_10' title="bbox 750 1967 862 2022">
    <p class='ocr_par' dir='ltr' id='par_1_12' title="bbox 750 1967 862 2022">
     <span class='ocr_line' id='line_1_37' title="bbox 750 1967 862 2022; baseline 0.027 -3"><span class='ocrx_word' id='word_1_192' title='bbox 750 1967 801 2019; x_wconf 83' lang='lat' dir='ltr'>V</span> <span class='ocrx_word' id='word_1_193' title='bbox 818 1969 862 2022; x_wconf 90' lang='lat' dir='ltr'><strong>I.</strong></span> 
     </span>
    </p>
   </div>
   <div class='ocr_carea' id='block_1_11' title="bbox 356 2102 1281 2154">
    <p class='ocr_par' dir='ltr' id='par_1_13' title="bbox 356 2102 1281 2154">
     <span class='ocr_line' id='line_1_38' title="bbox 356 2102 1281 2154; baseline -0.004 0"><span class='ocrx_word' id='word_1_194' title='bbox 356 2125 414 2153; x_wconf 87' lang='lat' dir='ltr'><strong>IN</strong></span> <span class='ocrx_word' id='word_1_195' title='bbox 453 2123 1015 2154; x_wconf 79' lang='lat' dir='ltr'><strong>COMMENDATIONEM</strong></span> <span class='ocrx_word' id='word_1_196' title='bbox 1053 2102 1281 2152; x_wconf 49' lang='lat' dir='ltr'><strong>NERVAEf</strong></span> 
     </span>
    </p>
   </div>
   <div class='ocr_carea' id='block_1_12' title="bbox 181 2243 1310 2307">
    <p class='ocr_par' dir='ltr' id='par_1_14' title="bbox 181 2243 1310 2307">
     <span class='ocr_line' id='line_1_39' title="bbox 181 2243 1310 2307; baseline -0.004 -15"><span class='ocrx_word' id='word_1_197' title='bbox 181 2250 416 2294; x_wconf 80' lang='lat' dir='ltr'>CONTIGIT</span> <span class='ocrx_word' id='word_1_198' title='bbox 438 2246 642 2291; x_wconf 74' lang='lat' dir='ltr'><strong>Ausoniae</strong></span> <span class='ocrx_word' id='word_1_199' title='bbox 666 2261 899 2307; x_wconf 84' lang='lat' dir='ltr'><strong>procerum</strong></span> <span class='ocrx_word' id='word_1_200' title='bbox 926 2245 1176 2289; x_wconf 87' lang='lat' dir='ltr'><strong>mitissimus</strong></span> <span class='ocrx_word' id='word_1_201' title='bbox 1203 2243 1310 2289; x_wconf 86' lang='lat' dir='ltr'><strong>aulae</strong></span> 
     </span>
    </p>
   </div>
   <div class='ocr_carea' id='block_1_13' title="bbox 184 2384 1182 2451">
    <p class='ocr_par' dir='ltr' id='par_1_15' title="bbox 184 2384 1182 2451">
     <span class='ocr_line' id='line_1_40' title="bbox 184 2384 1182 2451; baseline -0.003 -18"><span class='ocrx_word' id='word_1_202' title='bbox 184 2392 362 2451; x_wconf 74' lang='grc' dir='ltr'>Νερουᾶν</span> <span class='ocrx_word' id='word_1_203' title='bbox 387 2388 620 2450; x_wconf 69' lang='grc' dir='ltr'>πρηΰτατον</span> <span class='ocrx_word' id='word_1_204' title='bbox 652 2384 854 2436; x_wconf 65' lang='grc' dir='ltr'>ἕασιλῆων</span> <span class='ocrx_word' id='word_1_205' title='bbox 886 2387 1055 2438; x_wconf 83' lang='grc' dir='ltr'>Αὐσονὶς</span> <span class='ocrx_word' id='word_1_206' title='bbox 1082 2389 1182 2434; x_wconf 76' lang='grc' dir='ltr'>αὐλὴ</span> 
     </span>
    </p>
   </div>
   <div class='ocr_carea' id='block_1_14' title="bbox 167 2525 802 2574">
    <p class='ocr_par' dir='ltr' id='par_1_16' title="bbox 167 2525 802 2574">
     <span class='ocr_line' id='line_1_41' title="bbox 167 2525 802 2574; baseline -0.003 -12"><span class='ocrx_word' id='word_1_207' title='bbox 167 2525 182 2539; x_wconf 66' lang='lat'>⁴</span> <span class='ocrx_word' id='word_1_208' title='bbox 201 2530 333 2570; x_wconf 87' lang='lat' dir='ltr'><strong>Roma,</strong></span> <span class='ocrx_word' id='word_1_209' title='bbox 353 2528 495 2573; x_wconf 86' lang='lat' dir='ltr'><strong>inquit,</strong></span> <span class='ocrx_word' id='word_1_210' title='bbox 515 2535 620 2574; x_wconf 87' lang='lat' dir='ltr'>caput</span> <span class='ocrx_word' id='word_1_211' title='bbox 641 2526 768 2561; x_wconf 79' lang='lat' dir='ltr'><strong>mundi</strong></span> <span class='ocrx_word' id='word_1_212' title='bbox 793 2552 802 2567; x_wconf 92' lang='lat'>,</span> 
     </span>
    </p>
   </div>
   <div class='ocr_carea' id='block_1_15' title="bbox 854 2525 1535 2572">
    <p class='ocr_par' dir='ltr' id='par_1_17' title="bbox 854 2525 1535 2572">
     <span class='ocr_line' id='line_1_42' title="bbox 854 2525 1535 2572; baseline 0 -12"><span class='ocrx_word' id='word_1_213' title='bbox 854 2525 960 2568; x_wconf 73' lang='lat' dir='ltr'><strong>dixit,</strong></span> <span class='ocrx_word' id='word_1_214' title='bbox 998 2539 1119 2560; x_wconf 87' lang='lat' dir='ltr'><strong>omnes</strong></span> <span class='ocrx_word' id='word_1_215' title='bbox 1160 2526 1345 2560; x_wconf 85' lang='lat' dir='ltr'><strong>bellicosos</strong></span> <span class='ocrx_word' id='word_1_216' title='bbox 1384 2528 1535 2572; x_wconf 81' lang='lat' dir='ltr'><strong>populos</strong></span> 
     </span>
    </p>
   </div>
   <div class='ocr_carea' id='block_1_16' title="bbox 116 2578 1539 2629">
    <p class='ocr_par' dir='ltr' id='par_1_18' title="bbox 116 2578 1539 2629">
     <span class='ocr_line' id='line_1_43' title="bbox 116 2578 1539 2629; baseline -0.002 -13"><span class='ocrx_word' id='word_1_217' title='bbox 116 2595 226 2629; x_wconf 89' lang='lat' dir='ltr'><strong>quum</strong></span> <span class='ocrx_word' id='word_1_218' title='bbox 239 2582 385 2627; x_wconf 84' lang='lat' dir='ltr'><strong>Trajani</strong></span> <span class='ocrx_word' id='word_1_219' title='bbox 402 2581 631 2628; x_wconf 84' lang='lat' dir='ltr'><strong>Imperatoris</strong></span> <span class='ocrx_word' id='word_1_220' title='bbox 647 2581 798 2622; x_wconf 87' lang='lat' dir='ltr'><strong>futuros,</strong></span> <span class='ocrx_word' id='word_1_221' title='bbox 856 2579 1025 2614; x_wconf 86' lang='lat' dir='ltr'><strong>virtutem</strong></span> <span class='ocrx_word' id='word_1_222' title='bbox 1034 2579 1262 2625; x_wconf 87' lang='lat' dir='ltr'><strong>Imperatoris</strong></span> <span class='ocrx_word' id='word_1_223' title='bbox 1274 2578 1539 2620; x_wconf 78' lang='lat' dir='ltr'><strong>formidaturos,</strong></span> 
     </span>
    </p>
   </div>
   <div class='ocr_carea' id='block_1_17' title="bbox 119 2634 797 2682">
    <p class='ocr_par' dir='ltr' id='par_1_19' title="bbox 119 2634 797 2682">
     <span class='ocr_line' id='line_1_44' title="bbox 119 2634 797 2682; baseline -0.003 -13"><span class='ocrx_word' id='word_1_224' title='bbox 119 2648 247 2682; x_wconf 88' lang='lat' dir='ltr'><strong>eosque</strong></span> <span class='ocrx_word' id='word_1_225' title='bbox 268 2634 440 2681; x_wconf 81' lang='lat' dir='ltr'><strong>plurimos</strong></span> <span class='ocrx_word' id='word_1_226' title='bbox 462 2647 572 2669; x_wconf 85' lang='lat' dir='ltr'><strong>annos</strong></span> <span class='ocrx_word' id='word_1_227' title='bbox 594 2634 797 2674; x_wconf 77' lang='lat' dir='ltr'><strong>evolveret3</strong></span> 
     </span>
    </p>
   </div>
   <div class='ocr_carea' id='block_1_18' title="bbox 858 2632 1310 2678">
    <p class='ocr_par' dir='ltr' id='par_1_20' title="bbox 858 2632 1310 2678">
     <span class='ocr_line' id='line_1_45' title="bbox 858 2632 1310 2678; baseline 0.002 -12"><span class='ocrx_word' id='word_1_228' title='bbox 858 2633 1003 2678; x_wconf 80' lang='lat' dir='ltr'><strong>ejusque</strong></span> <span class='ocrx_word' id='word_1_229' title='bbox 1017 2632 1122 2667; x_wconf 87' lang='lat' dir='ltr'><strong>armis</strong></span> <span class='ocrx_word' id='word_1_230' title='bbox 1139 2644 1310 2667; x_wconf 89' lang='lat' dir='ltr'><strong>cessuros.</strong></span> 
     </span>
    </p>
   </div>
   <div class='ocr_carea' id='block_1_19' title="bbox 1268 2698 1315 2749">
    <p class='ocr_par' dir='ltr' id='par_1_21' title="bbox 1268 2698 1315 2749">
     <span class='ocr_line' id='line_1_46' title="bbox 1268 2698 1315 2749; baseline 0 -26"><span class='ocrx_word' id='word_1_231' title='bbox 1268 2721 1281 2749; x_wconf 64' lang='grc' dir='ltr'>ι</span> <span class='ocrx_word' id='word_1_232' title='bbox 1308 2698 1315 2723; x_wconf 78' lang='lat' dir='ltr'><strong>i</strong></span> 
     </span>
    </p>
   </div>
  </div>
 </body>
</html>
