1901 3259
288 170 872 214 EPIGRAMMATUM
913 170 1037 211 LIB.
1078 170 1221 211 XIII.

1363 167 1450 223 145

639 318 870 375 XCIV.

673 456 850 504 DAMAEs‘

125 602 289 644 DENTE
316 600 526 643 timentur
551 601 666 660 apri3
689 598 929 643 defendunt
954 614 1119 642 cornua
1144 615 1320 655 cervos;

200 668 400 714 Imbelles
425 669 563 714 damae
589 669 718 731 quid,
744 670 823 713 nisi
852 669 1024 730 praeda,
1050 669 1225 714 sumus?

126 809 284 869 Κάπρῳ
312 803 449 861 ὀδοὺς,
479 807 612 865 ἐλάφῳ
639 809 754 867 κέρας
785 809 1026 868 ἀμυντήριόν
1054 810 1151 851 ἐστι·

197 881 344 938 Κῦρμα
369 879 486 937 μόνον
519 878 732 938 πελόμεσθ’
762 878 855 920 ἔθνε’
882 876 1016 922 ἄοπλα
1045 879 1199 938 πρόκες.

112 1006 125 1020 “
146 1011 292 1043 Dammoe
310 1009 390 1043 Ald-
409 1010 507 1043 Junt.
529 1010 645 1044 Colin.

118 1075 148 1096 1.
175 1063 304 1097 Cervam
329 1061 410 1096 edd.
436 1071 520 1096 vett.
548 1071 582 1096 et
607 1062 735 1108 Delph.

63 1125 167 1148 tauros
190 1115 245 1149 ed.
269 1116 369 1149 Barb.
398 1123 532 1149 tauram.
562 1115 659 1149 Alios
687 1116 736 1148 le·

59 1181 139 1214 gere
154 1176 275 1202 monet
292 1167 408 1202 editor
426 1169 552 1215 Delph.
570 1189 621 1196 —-
636 1169 737 1201 Dente

62 1225 209 1255 timentur·
223 1224 313 1267 apri,
331 1230 397 1255 etc.
413 1222 470 1255 Sic
487 1223 667 1255 Anacreon
684 1222 737 1254 lu-

63 1273 115 1308 dit
148 1275 185 1307 in
217 1275 368 1309 ferarum
396 1283 570 1309 armatura
599 1275 738 1315 nativa,

797 1011 912 1044 Carm.
942 1011 978 1043 II
999 1022 1007 1043 z
1029 1012 1124 1050 Φύσις
1161 1013 1283 1056 κέρατα
1318 1014 1470 1057 ταύροις,

797 1057 910 1102 ὁπλὰς
942 1060 1096 1097 δ’ἕὸωκεν
1129 1064 1241 1102 ἵπποις
1254 1086 1263 1103 ,
1299 1062 1471 1101 Ποδωκίην

795 1118 950 1161 λαγωοῖς,
967 1130 999 1149 κ..
1019 1130 1053 1150 τ.
1071 1122 1101 1150 λ.

849 1182 879 1201 2.
904 1169 1047 1202 Imbelles
1068 1170 1183 1204 damae.
1209 1171 1297 1212 Quae
1319 1171 1390 1204 sola
1409 1183 1470 1216 pe-

796 1220 885 1255 dum
900 1222 1084 1256 velocitate
1101 1235 1136 1256 se
1154 1235 1172 1256 a
1189 1223 1333 1257 canibus
1353 1223 1473 1257 defen-

798 1273 882 1308 dere
902 1284 1062 1320 possunt.

672 1410 877 1467 XCV.

705 1556 845 1583 ORYX.

140 1670 505 1713 MATUTlNARUM
538 1684 626 1710 non
655 1666 805 1710 ultima
833 1668 979 1728 praeda
1008 1668 1197 1712 ferarum

211 1740 355 1783 Saevus
380 1754 511 1797 oryx,
536 1746 706 1781 constat
735 1747 841 1797 quot
870 1738 973 1781 mihi
1003 1749 1142 1783 morte
1174 1742 1358 1784 canum',J

141 1869 321 1927 Πρωϊνοῦ
347 1868 418 1908 οὐκ
443 1864 629 1924 ἐλάχιςον
657 1860 750 1924 ὅρυξ
776 1865 949 1925 θῆρευμα
975 1866 1140 1926 θεάτρου

212 1937 380 1979 Πόσσων
408 1953 474 1994 μοι
501 1934 707 1978 σκυλάκων
736 1934 862 1984 αἴτιός
891 1937 976 1978 ἐστι
1005 1939 1139 1996 φόνου.

133 2072 162 2092 1.
179 2059 422 2092 Blatutz'narum.
452 2058 597 2097 Seneca,
618 2057 677 2090 lib.
708 2058 724 2090 I
738 2082 747 2099 ,

75 2111 174 2158 epist.
198 2124 216 2155 7
236 2123 243 2144 z
264 2127 277 2140 α
293 2111 397 2143 Mane
420 2111 580 2143 leonibus
603 2118 636 2142 et
660 2110 749 2143 ursis

75 2165 247 2203 homines,
263 2162 409 2196 meridie
419 2163 670 2209 spectatoribus
680 2163 750 2196 suis

77 2218 344 2262 objiciebantur.
363 2233 376 2245 κ
412 2216 572 2249 Diximus
592 2216 664 2261 jam
688 2216 748 2249 lib.

78 2271 130 2311 X,
153 2271 260 2315 epigr.
281 2282 366 2310 xxv,
385 2269 545 2302 homines
565 2281 668 2301 mane
684 2281 750 2314 pu·

77 2323 233 2368 gnavisse
252 2335 330 2356 cum
350 2322 442 2355 feris.
705 2358 713 2371 Ι

135 2389 164 2408 2.
192 2376 275 2407 Erit
295 2374 374 2408 cod.
399 2374 533 2408 Beverl.
559 2374 658 2419 Quod
676 2374 750 2406 MS.

81 2431 117 2461 in
135 2441 242 2472 marg.
261 2426 316 2461 ed.
333 2429 541 2475 Pal-‚¹1617‚
557 2435 590 2460 et
607 2428 654 2460 sic
673 2426 752 2460 Ald.

81 2482 177 2514 Junt.
205 2480 319 2513 Colin.
348 2480 438 2524 Quid
460 2479 534 2512 ead.
563 2478 616 2512 ed.
643 2480 752 2513 Paris.

83 2534 152 2567 Pro
184 2541 306 2565 constat
331 2541 424 2578 quot,
452 2532 509 2565 alii
536 2540 660 2564 constat
683 2535 751 2578 qui,

84 2595 151 2619 cte.
162 2585 176 2617 't'
188 2585 269 2618 Haec
285 2585 387 2618 lectio
402 2598 473 2618 non
492 2583 662 2628 displicet.
675 2585 755 2618 Sen-

158 2659 247 2700 III.

809 2070 864 2091 sus
900 2066 951 2091 est
973 2071 980 2090 ε
1003 2060 1045 2091 In
1083 2062 1267 2095 venatione
1291 2066 1456 2101 matutina
1473 2095 1480 2107 ‚

809 2123 885 2155 quae
930 2123 1057 2157 nempe
1096 2112 1242 2147 dabatur
1276 2115 1311 2149 in
1348 2120 1483 2164 amphi-

809 2164 964 2205 theatr0‚
980 2177 1067 2210 oryx
1084 2175 1204 2212 captus
1215 2168 1268 2201 vel
1283 2170 1485 2207 interfectus

810 2217 937 2249 multos
951 2228 1052 2251 canes
1061 2219 1156 2263 prius
1168 2219 1406 2256 interfecit.—
1415 2226 1484 2259 διε-

813 2283 863 2302 vus
873 2283 962 2316 oryx.
976 2270 1066 2304 Plin.
1076 2271 1138 2305 lib.
1154 2273 1198 2311 II,
1211 2285 1283 2319 cap.
1298 2288 1340 2308 xL
1354 2289 1382 2309 :u
1392 2279 1485 2323 Ory-

811 2334 887 2366 gem
900 2323 1052 2368 appellat
1064 2325 1234 2370 AEgyptus
1246 2327 1351 2361 feram
1360 2356 1368 2368 ,
1382 2344 1484 2375 quam

814 2376 849 2407 in
872 2384 996 2408 exortu
1024 2378 1096 2420 ejus
1119 2372 1341 2423 (Caniculae)
1365 2394 1487 2418 contra

813 2437 922 2469 stare,
947 2438 980 2462 et
999 2431 1157 2463 contueri
1179 2431 1306 2471 tradit,
1333 2446 1371 2467 ae.
1393 2437 1488 2471 velut

815 2479 960 2514 adorare
971 2494 1081 2526 quum
1095 2485 1290 2518 sternuerit.
1303 2487 1400 2522 »Lib.
1420 2490 1488 2531 XI,

817 2546 892 2578 cap.
905 2534 1165 2574 μίάῑντΠΠίοοιἪε·
1178 2536 1351 2572 bisulcum
1363 2553 1484 2587 oryx.»

821 2585 900 2619 Vid.
922 2586 1045 2619 <Elian
1065 2588 1307 2635 lib.VII‚cap.
1334 2595 1366 2627 8,

1192 2676 1249 2704 10
