2044 3292
499 250 589 296 ,οὓ
787 313 797 317 h
856 253 915 295 Μ.
938 254 1013 295 VA
1032 254 1081 296 L.

1125 254 1518 297 MARTIALIS

1056 402 1335 458 XXVII.

797 560 1130 590 SPATHALION
1171 543 1589 591 mxmmunumf

557 698 722 741 Auum
747 696 984 757 porrigitur
1003 697 1100 740 Jani
1124 706 1302 758 caryota
1324 696 1558 752 Kalendis3

629 765 714 810 Sed
743 775 889 810 tamen
915 766 1000 810 hoc
1024 782 1183 811 munus
1209 768 1413 828 pauperis
1435 784 1529 812 esse
1552 766 1672 813 solet.

559 906 802 965 Χρυσοχρῶς
829 898 993 948 δίδοται
1015 911 1211 966 καρυῶτις
1238 908 1276 949 ἐν
1302 907 1430 967 ἤματι
1453 909 1603 967 πρώτῳ

630 965 759 1018 Ῐοίνου·
784 969 912 1036 δῶρον
939 978 1046 1035 ὅμως
1071 978 1172 1020 αὐτὸ
1196 977 1368 1027 πένητος
1394 978 1477 1035 ἔφυ.

544 1113 557 1128 “
578 1118 770 1152 Petavirium
792 1120 981 1164 cyriotarum
1000 1117 1080 1153 cod.
1100 1120 1164 1153 Be-

491 1170 576 1204 verl.
593 1191 644 1199 -—
659 1171 804 1205 Termes
828 1171 872 1205 ab
897 1172 1022 1206 arbore
1051 1172 1166 1218 palma

492 1222 691 1269 decerptus.
710 1224 826 1258 Diosc.
850 1224 911 1258 lib.
929 1225 964 1266 Ι,
982 1237 1057 1271 cap.
1082 1238 1095 1258 1
1107 1224 1165 1259 23.

491 1275 679 1310 Salmasius
689 1284 806 1311 censet
815 1276 1001 1323 legendum
1014 1289 1086 1312 esse
1098 1291 1169 1323 spa-

493 1329 613 1362 latltion
635 1330 692 1363 vel
708 1330 894 1375 palatln'on;
917 1331 1046 1366 παλάθη
1073 1330 1168 1364 enim

492 1382 623 1416 ficuum
636 1381 819 1417 dicebatur
834 1383 961 1428 globus
973 1383 1028 1417 vel
1047 1396 1168 1418 massa.

491 1436 534 1468 In
551 1447 694 1469 massam
711 1434 861 1470 conditae
875 1436 1033 1470 similiter
1047 1437 1169 1470 affere-

492 1488 620 1522 bantur
630 1497 789 1533 caryotae.
800 1488 995 1535 Hesychius
1006 1500 1014 1522 :
1026 1491 1169 1532 παλάθη,

491 1542 511 1576 ἦ
541 1545 603 1574 τῶν
629 1543 732 1575 σύκων
759 1542 936 1581 ἐπάλληλος
961 1543 1056 1581 θέσις.
1083 1541 1170 1576 Inde

493 1595 642 1628 σαλάθιον
657 1602 692 1627 et
704 1594 893 1628 σπαλοίθιον.
905 1594 1053 1629 Cottana
1066 1596 1170 1629 etiam

493 1658 531 1680 ac
542 1659 654 1692 pruna
667 1647 703 1680 in
715 1660 840 1681 massas
850 1647 898 1682 sic
910 1649 1171 1694 componeban-

495 1707 562 1733 tur.
575 1699 667 1734 Hinc
676 1700 922 1747 Marfiahepig.
931 1712 982 1746 sq.
992 1718 1005 1730 u
1014 1701 1096 1735 Haec
1108 1701 1172 1735 tibi

495 1765 572 1798 quae
582 1760 672 1786 torta
683 1762 855 1787 venerunt
864 1753 1005 1787 condita
1018 1762 1108 1788 meta
1116 1779 1125 1796 ‚
1137 1754 1172 1788 Si

495 1807 625 1851 majora
637 1807 756 1840 forent
764 1814 905 1840 coctana
914 1832 924 1848 ,
935 1806 1021 1840 ficus
1034 1814 1143 1841 erant.
1154 1824 1166 1836 1·

495 1858 624 1893 Statius
647 1860 683 1893 in
703 1859 875 1893 Silvarum
889 1859 951 1893 lib.
971 1860 1038 1902 IV,
1055 1860 1171 1894 Carm.

500 1924 535 1945 lx
548 1937 558 1953 ‚
586 1924 635 1946 vs.
670 1925 714 1957 27
746 1924 755 1946 :
787 1930 800 1942 α
819 1912 998 1958 Nusquam
1033 1913 1173 1946 turbine

495 1963 660 1999 conditus
680 1964 799 1999 ruenti
821 1966 1022 1999 Prunorum
1050 1966 1174 2010 globus

498 2027 601 2063 atque
631 2026 865 2052 cottanorum.
886 2036 900 2048 n
926 2018 981 2051 Ad
1004 2019 1149 2052 verbum
1163 2045 1172 2061 ‚

495 2071 608 2116 globus
624 2083 795 2115 prunorum
811 2079 862 2105 est
874 2073 1016 2107 παλάθη.
1033 2072 1170 2106 Salmas.

555 2136 567 2157 1
577 2150 584 2156 .
599 2123 687 2157 Jani.
701 2122 871 2158 Kalendis
884 2123 1077 2165 Januariis,
1098 2125 1172 2159 mit·

497 2177 660 2210 tebantur
677 2188 695 2210 a
712 2176 926 2223 pauperibus
940 2177 1105 2222 palmulae
1119 2178 1172 2211 in-

496 2238 646 2272 auratae,
664 2230 719 2263 vel
736 2237 852 2264 crusta
868 2229 964 2263 illitae
975 2255 984 2270 ‚
1003 2239 1043 2264 ut
1061 2231 1175 2277 placet

499 2283 575 2317 Jos.
598 2281 720 2328 Scalig.
744 2283 781 2316 in
800 2282 931 2316 Tibull.
956 2283 1017 2317 lib.
1039 2284 1069 2316 Ι.
1089 2282 1172 2317 Vid.

498 2335 650 2369 Martial.
675 2336 738 2370 lib.
764 2336 875 2377 VIII,
897 2335 1007 2382 epigr.
1034 2349 1149 2370 xxx111
1163 2359 1173 2377 ‚

498 2401 548 2422 vs.
576 2401 633 2423 11.
656 2410 706 2415 -—-
740 2389 881 2436 Cary-ota
906 2389 1075 2423 Kalendis.
1098 2390 1175 2424 Pal-

498 2441 671 2476 mularum
684 2442 821 2476 fructus
836 2441 882 2476 ita
896 2440 979 2476 dicti
989 2468 998 2485 ,
1015 2441 1112 2488 quod
1125 2455 1177 2477 ca-

1225 1120 1290 1165 piti
1316 1132 1437 1165 graves
1463 1128 1554 1154 sunt.
1581 1119 1672 1154 Plin.
1701 1118 1762 1154 lib.
1793 1120 1900 1160 XIII,

1226 1184 1302 1219 cap.
1325 1173 1390 1206 IV.

1284 1239 1316 1259 a.
1341 1224 1408 1259 Sed
1427 1232 1547 1266 tamen,
1571 1233 1640 1259 etc.
1662 1224 1719 1259 Sic
1744 1226 1816 1272 jam
1841 1225 1903 1258 lib.

1230 1278 1339 1318 VIII,
1359 1277 1467 1324 epigr.
1487 1290 1603 1312 xxxxn
1629 1289 1636 1310 :
1657 1277 1760 1311 «Hoc
1779 1277 1905 1312 linitur

1229 1339 1333 1376 sputo
1345 1330 1426 1364 Jani
1443 1339 1584 1376 caryota
1603 1329 1774 1372 kalendis,
1790 1331 1906 1373 Quam

1230 1384 1298 1417 fert
1339 1395 1420 1417 cum
1461 1396 1570 1429 parvo
1619 1382 1785 1418 sordidus
1834 1396 1906 1418 asse

1228 1436 1371 1470 cliens.»
1403 1435 1469 1470 Hic
1492 1436 1564 1471 fere
1586 1436 1769 1471 Raderus:
1802 1435 1905 1470 Addo

1230 1489 1334 1523 etiam
1353 1492 1514 1534 σύγκρισιν
1538 1490 1574 1523 in
1596 1489 1664 1523 hoc
1685 1502 1786 1524 versu
1800 1514 1810 1532 ‚
1833 1489 1907 1524 haec

1230 1554 1376 1576 munera
1387 1542 1415 1576 si
1425 1542 1566 1577 mittant
1578 1554 1749 1588 pauperes
1757 1568 1767 1584 ,
1775 1550 1906 1588 quanto

1231 1596 1361 1641 majora
1391 1594 1756 1641 divites?—Aliquid
1783 1595 1906 1641 procul

1231 1646 1340 1682 dubio
1361 1647 1645 1682 subaudiendum
1668 1657 1739 1690 est;
1758 1656 1793 1682 at
1817 1647 1907 1682 illud

1232 1708 1329 1735 estne
1346 1700 1441 1747 quod
1461 1700 1613 1735 credidit
1632 1700 1814 1735 Raderus?
1833 1701 1908 1747 Ego

1233 1753 1444 1788 crediderim
1464 1753 1635 1789 libentius
1656 1754 1806 1788 voluisse
1823 1766 1907 1800 poe-

1234 1815 1302 1841 tam
1334 1819 1397 1852 per
1427 1806 1528 1841 hunc
1558 1808 1772 1843 versiculum
1806 1819 1907 1841 mon-

1232 1868 1353 1901 strare,
1364 1872 1469 1906 quam
1480 1860 1649 1906 exiguum
1663 1859 1909 1895 munusculum

1233 1913 1296 1953 sit,
1317 1913 1366 1946 sic
1394 1924 1521 1958 nempe
1546 1918 1750 1959 λεπτολογῶν
1768 1925 1777 1947 ε
1795 1914 1909 1947 Aurea

1234 1974 1284 2000 est
1297 1974 1437 2011 caryota
1450 1991 1459 2006 ,
1469 1974 1628 2000 ettamen
1641 1966 1792 2012 porrigit
1804 1966 1909 2000 cliens

1234 2019 1357 2064 inops,
1382 2031 1489 2063 parva
1515 2031 1597 2065 ergo
1623 2027 1696 2062 est;
1716 2019 1772 2053 vel
1793 2019 1821 2053 si
1843 2020 1910 2052 Ra-

1233 2070 1318 2105 dero
1354 2071 1525 2105 sententia
1557 2072 1665 2118 magis
1703 2070 1887 2106 delecteris
1900 2099 1910 2114 ,

1233 2136 1306 2158 eam
1324 2123 1419 2158 hunc
1437 2123 1484 2158 sic
1495 2124 1668 2170 explicare.
1684 2124 1790 2165 scito,
1810 2132 1849 2159 ut
1867 2124 1910 2159 ad

1233 2176 1458 2222 semetipsum
1479 2186 1623 2211 revocet
1648 2176 1736 2212 illud
1759 2177 1911 2212 Noster:

1235 2231 1388 2264 Aureum
1413 2242 1541 2264 munus
1570 2229 1634 2264 tibi
1663 2230 1828 2276 porrigo,
1848 2243 1911 2265 au-

1234 2295 1331 2317 reum
1361 2295 1489 2316 munus
1517 2295 1676 2329 pauper3
1698 2295 1842 2317 aureum
1870 2292 1910 2318 tu

1234 2334 1331 2370 dives
1366 2336 1454 2369 mihi
1488 2336 1684 2382 porrigite,
1713 2335 1774 2370 sed
1804 2336 1912 2370 maxi·

1235 2402 1350 2430 mum,
1371 2388 1433 2423 sed
1455 2388 1640 2430 eximium,
1659 2388 1720 2424 sed
1747 2398 1782 2424 te
1803 2388 1913 2424 divite

1237 2451 1270 2476 et
1287 2441 1420 2477 divitiis
1438 2441 1506 2476 tuis
1521 2441 1680 2487 dignum.
