1901 3259
383 213 978 257 EPIGRAMMATUM
1015 212 1141 256 LIB.
1180 211 1300 254 XII.

1495 205 1557 254 25

715 363 990 420 XXVII.

668 523 729 551 IN
768 521 1003 551 SENIAM.

280 649 319 692 A
350 660 645 692 LATRONIBUS
675 662 767 691 esse
794 656 838 690 te
869 645 1058 690 fututam

280 719 426 774 Dicis,
455 718 583 762 Senia
606 735 614 761 :
639 717 714 762 sed
737 727 902 779 negant
927 716 1132 761 latrones.

197 866 230 887 2.
261 853 404 898 Negant.
446 853 533 886 Tres
567 863 640 885 esse
674 859 822 896 possunt

141 906 234 940 illius
253 905 437 946 versiculi,
456 905 551 938 illius
569 904 665 937 vocis
682 916 819 946 sensus;

139 971 290 1005 quorum
317 957 461 1004 quidem
495 957 631 1003 primus
664 957 720 990 hic
733 971 740 990 z
754 957 822 991 Ne-

137 1020 219 1057 gant
241 1020 276 1045 te
295 1011 499 1057 impulsam,
517 1019 673 1044 coactam
692 1011 736 1043 ab
762 1010 819 1053 iis,

136 1064 233 1110 quod
265 1065 323 1098 illa
351 1064 509 1097 innuisse
535 1064 655 1097 forsan
679 1063 821 1097 videba-

136 1125 215 1160 tur;
235 1116 294 1151 sed
317 1117 346 1150 is
375 1130 573 1163 perperam.
604 1117 701 1150 Alter
719 1129 727 1150 :
749 1118 819 1151 Ne-

136 1179 219 1216 gant
248 1170 398 1204 deformi
426 1170 511 1212 tibi‚
540 1170 664 1204 vetulas
692 1170 757 1204 tibi
785 1183 820 1203 se

136 1223 208 1256 vim
226 1223 402 1265 intulisse,
419 1235 488 1269 qua
508 1224 575 1269 ipsi
595 1223 819 1269 coinquinati

137 1285 170 1310 et
192 1275 332 1310 ridiculi
359 1277 567 1318 evasissent;
588 1289 740 1322 namque
759 1277 818 1310 illa

136 1342 242 1372 anus,
261 1330 319 1364 illa
336 1329 525 1373 deformis,
545 1329 632 1364 dum
653 1342 818 1376 querere-

881 859 955 893 tur,
971 849 1234 897 quodammodo
1252 849 1479 896 gloriabatur.
1496 851 1529 882 V
1532 850 1563 884 el

881 903 1046 946 demum,
1065 913 1099 938 et
1124 905 1152 938 is
1186 904 1309 938 tertius
1324 916 1444 937 sensus
1463 915 1471 937 :
1492 903 1563 937 Ne-

880 965 963 1002 gant
993 966 1028 991 te
1057 957 1186 991 usitato
1218 956 1326 990 modo
1359 970 1432 991 sese
1463 969 1562 998 usos,

880 1011 1048 1056 aiuntque
1073 1019 1108 1043 te
1134 1010 1355 1043 inhonestius
1378 1010 1563 1055 quippiam

879 1076 1015 1109 passam
1029 1076 1119 1105 esse,
1129 1071 1168 1096 ut
1182 1063 1433 1097 Callistratum.
1451 1063 1561 1108 epigr.

878 1130 967 1151 xxxv
979 1143 989 1159 ,
1005 1117 1109 1150 infra.
1125 1117 1154 1150 E
1171 1115 1310 1150 duobus
1325 1116 1380 1149 his
1395 1116 1567 1162 iuterpre-

880 1170 1072 1204 tationibus
1098 1170 1201 1215 eligat
1224 1170 1359 1211 lector;
1381 1182 1460 1203 nam
1485 1177 1563 1215 apta

879 1224 953 1257 haec
963 1232 997 1256 et
1008 1223 1078 1258 illa.
1092 1224 1165 1256 Nos
1176 1222 1335 1256 ultimam
1346 1231 1462 1256 tamen
1476 1235 1563 1268 prae·

878 1277 1044 1318 ferimus3
1059 1277 1192 1322 quippe
1209 1289 1286 1322 quae
1309 1288 1427 1309 sensus
1442 1275 1565 1321 nequi-

879 1330 948 1364 oris
960 1356 969 1372 ,
984 1343 1050 1377 pro
1065 1330 1208 1376 ingenio
1226 1329 1534 1376 epigrammatum.

709 1467 998 1524 XXVIII.

631 1625 697 1654 IN
735 1604 1066 1654 οΙΝΝΑΜΫι

206 1752 338 1795 Poro
363 1765 445 1811 ego
471 1759 689 1795 sextantes
708 1767 716 1794 :
738 1759 787 1794 tu
808 1760 954 1812 potas,
977 1750 1142 1806 Cinna,
1163 1749 1355 1794 deunces
1374 1767 1382 1793 :

277 1822 336 1864 Et
353 1821 548 1881 quereris
573 1820 692 1881 quod
717 1838 831 1877 non,
858 1822 1025 1878 Cinna,
1051 1820 1252 1865 bibamus
1275 1820 1404 1865 idem.

191 1956 206 1972 '¹
226 1962 270 1995 In
292 1962 360 1996 hoc
378 1961 626 2008 epigrammate
647 1962 713 1996 sibi
735 1975 818 1996 con-

135 2015 288 2056 trarius,
307 2015 434 2049 Noster
458 2015 608 2050 Cinnam
630 2015 819 2062 quemdam

134 2069 264 2102 refellit
290 2067 334 2102 de
365 2068 434 2103 hoc
462 2077 669 2115 querentem
686 2094 695 2109 ‚
721 2068 818 2115 quod

135 2121 210 2167 ipse
236 2134 326 2167 saepe
352 2121 513 2156 irascitur
541 2122 618 2156 fieri
646 2122 740 2169 apud
763 2122 818 2156 di-

135 2174 242 2209 tiores
254 2201 263 2216 ,
279 2175 410 2208 scilicet
423 2188 496 2208 non
510 2174 636 2209 eodem
650 2188 722 2210 esse
735 2188 819 2210 con-

134 2228 230 2262 vivas
245 2229 341 2270 loco,
359 2241 430 2273 quo
450 2227 656 2271 dominum3
673 2237 707 2262 et
726 2241 817 2263 cras·

134 2280 360 2324 siorescibos,
369 2281 492 2315 viliora
502 2282 582 2315 vina
594 2282 660 2315 illis
672 2282 816 2328 apponi.

193 2339 225 2368 Ι.
252 2334 442 2376 Sarmates,
473 2343 540 2370 etc.
568 2335 701 2369 Pocula
725 2334 816 2369 duo-

134 2398 215 2420 rum
235 2388 455 2434 cyathorum.
480 2388 534 2422 Cf.
554 2388 617 2422 lib.
636 2389 654 2421 I
667 2415 676 2431 ,
704 2389 816 2434 epigr.

135 2451 251 2474 xxvnI
260 2466 269 2482 ‚
283 2454 334 2475 vs.
347 2442 592 2475 2.—Deunces.
604 2441 735 2476 Pocula
747 2455 814 2475 un-

136 2491 252 2526 decim
290 2494 510 2540 cyathorum.
542 2495 675 2529 Confer
709 2495 815 2529 etiam

135 2544 202 2579 loc.
225 2558 328 2591 supra
348 2546 455 2580 modo
471 2548 628 2582 citatum.

193 2612 227 2632 2.
244 2600 293 2632 Et
310 2603 446 2646 quereris
460 2628 468 2641 ,
494 2609 558 2634 etc.
582 2601 637 2634 Tu
660 2602 815 2647 quereris

136 2664 193 2686 me
213 2652 275 2686 tibi
297 2666 476 2699 apponere
494 2653 649 2688 deterius
675 2655 815 2694 vinum,

880 1976 986 2009 quam
1007 1975 1071 2009 ego
1090 1963 1187 1997 bibo.
1211 1964 1326 1996 Immo
1349 1974 1413 2008 ego
1431 1974 1560 2008 queror

879 2015 974 2063 quod
992 2026 1031 2050 tu
1047 2017 1146 2050 bibas
1161 2016 1241 2062 plus
1256 2028 1362 2062 quam
1379 2028 1453 2062 ego.
1470 2016 1561 2049 Con-

876 2070 1040 2104 venimus
1071 2078 1189 2104 tamen
1227 2078 1261 2103 et
1290 2082 1389 2115 pares
1415 2082 1558 2110 sumus,

877 2122 973 2169 quod
987 2123 1083 2156 enim
1102 2136 1166 2169 ego
1179 2135 1324 2169 genere,
1343 2130 1382 2156 tu
1395 2134 1564 2164 numero;

877 2176 976 2222 quod
998 2189 1062 2222 ego
1089 2176 1279 2222 qualitate,
1298 2184 1338 2209 tu
1364 2175 1560 2222 quantitate

875 2230 986 2264 bibas.
1009 2230 1134 2275 Neque
1158 2242 1242 2263 vero
1269 2241 1408 2274 aequum
1435 2237 1504 2270 est,
1524 2236 1559 2262 te

875 2283 1042 2317 bibonem
1074 2283 1217 2316 haurire
1244 2282 1370 2328 optimi
1393 2282 1467 2315 vini
1487 2294 1560 2315 am·

875 2336 1017 2382 phoras.
1036 2336 1170 2370 Notum
1190 2348 1275 2369 vero
1292 2334 1378 2381 quid
1397 2335 1483 2368 olim
1502 2334 1557 2367 in-

874 2398 929 2423 ter
967 2389 1131 2423 convivas
1171 2388 1414 2435 discrepantiae
1446 2388 1560 2433 impe·

875 2451 967 2476 raret
993 2455 1181 2489 procerum
1220 2450 1279 2476 aut
1311 2440 1476 2488 superbia
1500 2449 1560 2474 aut

875 2495 1055 2537 avarities,
1094 2504 1129 2530 et
1158 2495 1292 2542 optima
1322 2496 1388 2534 τοῖς
1418 2495 1559 2540 ἀρίστοις

875 2557 1046 2583 reservata
1059 2575 1068 2591 ‚
1088 2548 1174 2583 dum
1190 2548 1355 2582 vilissima
1375 2555 1408 2581 et
1426 2547 1558 2581 nullius

875 2602 980 2647 pretii
1007 2601 1102 2648 apud
1126 2602 1250 2647 vulgus
1272 2609 1476 2635 vocatorum
1501 2613 1556 2634 re-

877 2655 1107 2700 linqueretur.
1131 2656 1198 2688 En.
