2044 3292
525 221 621 266 270

904 204 963 246 M.
989 205 1065 246 VA
1081 205 1131 247 L.
1173 204 1556 247 MARTIALIS

1027 320 1437 410 CLxxxvi

824 509 1132 539 VIRGILIUS
1173 510 1229 537 IN
1270 508 1617 538 MEMBRANA.

589 638 660 694 Qu
672 651 737 680 AM
770 634 912 678 brevis
943 634 1203 677 immensum
1232 634 1346 693 cepit
1374 633 1628 677 membrana
1658 632 1905 678 Maronem!

659 707 797 767 Ipsius
828 703 972 748 vultus
1003 704 1142 765 prima
1171 702 1327 747 tabella
1358 704 1479 764 gerit.

592 847 762 906 Διφθέρτ,
791 851 842 895 ὡς
868 846 976 894 ςεινὴ
1005 844 1180 905 μεγάλου
1201 836 1303 902 χάδε
1330 848 1487 903 τεῢγμα
1509 840 1730 901 Μάρωνοςέ

659 919 744 964 Τὴν
776 918 899 959 αὐτοῦ
926 910 971 957 δὲ
997 910 1115 964 πίναξ
1141 913 1272 957 εἰκόνα
1299 918 1459 972 πρῶτος
1485 914 1576 973 ἔχει.

580 1055 608 1076 1.
639 1043 802 1076 Intonsum
827 1039 901 1073 MS.
929 1040 966 1072 in
999 1051 1108 1084 marg.
1140 1037 1195 1072 ed.

522 1099 598 1132 Par.
626 1099 735 1140 16¹7.
751 1094 802 1127 Ut
819 1093 911 1126 illius
927 1092 1114 1137 imaginem
1128 1104 1196 1137 qua

523 1153 683 1185 intonsus
700 1156 735 1182 et
752 1145 938 1180 hederatus
956 1145 1128 1191 pingitur,
1147 1145 1196 1178 al-

523 1203 634 1238 ludat.
658 1200 727 1236 Sed
747 1199 785 1234 id
804 1200 894 1233 male
911 1214 920 1239 ;
942 1211 1022 1232 nam
1047 1199 1126 1243 quis
1145 1211 1197 1231 as-

525 1264 659 1292 severet
678 1255 782 1289 talem
802 1252 972 1286 Martialis
996 1252 1124 1285 saeeulo
1143 1252 1196 1297 pi-

524 1319 621 1345 ctum
645 1307 832 1353 Virgilium
849 1332 858 1347 ‚
883 1305 943 1338 tali
967 1305 1114 1345 habitu,
1137 1304 1197 1337 tali

523 1372 636 1404 veste,
651 1361 744 1408 quali
761 1358 867 1393 hodie
883 1371 946 1391 nos
963 1356 1197 1403 adspicimus?

523 1418 616 1450 Tum
646 1426 763 1448 nonne
798 1420 893 1458 patet
931 1410 1100 1456 placuisse
1139 1410 1198 1443 hic

523 1478 635 1515 poetae
673 1463 977 1513 epigrammatario
1012 1463 1167 1497 ἀντίθεσιν
1189 1488 1198 1503 ,

526 1523 587 1569 qui
607 1522 706 1555 brevis
727 1529 762 1553 et
789 1521 968 1552 immensum
988 1514 1031 1550 de
1052 1515 1198 1549 consilio

522 1575 586 1610 sibi
600 1575 747 1608 invicem
761 1571 920 1617 proxima
933 1569 1014 1602 fecit
1026 1582 1034 1611 ;
1047 1580 1196 1614 quorum

525 1630 578 1662 vel
596 1629 663 1661 hoc
675 1653 684 1669 ‚
700 1626 755 1659 vel
769 1623 858 1658 illud
874 1623 900 1657 si
919 1622 1037 1663 tollas,
1057 1621 1198 1655 distichi

523 1693 647 1727 magna
667 1691 746 1725 pars
770 1686 805 1711 et
825 1678 926 1722 lepor
954 1674 1067 1708 omnis
1096 1675 1197 1719 perit.

525 1736 580 1769 Sic
603 1733 722 1780 paullo
740 1731 831 1765 infra
850 1729 961 1775 epigr.
985 1740 1047 1762 cxc
1063 1740 1070 1760 :
1096 1745 1108 1757 n
1122 1727 1199 1760 Pel-

524 1789 618 1822 libus
649 1785 782 1831 exiguis
813 1790 967 1817 arctatur
995 1781 1115 1813 Livius
1151 1780 1201 1812 in-

523 1854 605 1887 gens
618 1866 627 1882 ‚
641 1840 756 1882 Quem
768 1849 844 1870 mea
859 1848 930 1869 non
945 1842 1057 1868 totum
1072 1833 1200 1867 biblio-

524 1895 623 1928 theca
639 1893 743 1938 capit.
759 1908 772 1921 »
784 1890 1044 1927 -lmmensum,
1060 1895 1125 1920 etc.
1146 1887 1200 1919 An

525 1947 640 1993 operis
653 1942 931 1990 magnitudinem
944 1939 1102 1985 respicit?
1120 1951 1201 1972 nam

525 2013 634 2047 quum
668 1996 896 2032 crassioribus
926 2002 1062 2028 tantum
1092 1992 1200 2026 literis

526 2053 717 2087 scriberent
734 2051 901 2089 Veteres,
927 2047 1077 2080 multum
1099 2045 1201 2090 spatii

526 2116 697 2150 occupare
710 2102 905 2136 debuerant
916 2100 1056 2143 Eclogae
1066 2097 1200 2138 decem,

526 2157 725 2204 Georgicon
744 2155 824 2188 libri
846 2161 1010 2200 quatuor,
1031 2149 1200 2184 AEneidos

526 2212 606 2247 libri
643 2207 832 2243 duodecim
851 2221 860 2249 ;
898 2205 1023 2251 quibus
1055 2204 1200 2237 forsitan

527 2264 689 2300 omnibus
710 2270 743 2295 et
763 2259 936 2306 poematia
957 2255 1118 2303 quaedani
1139 2255 1200 2289 ad-

525 2321 612 2364 jecta
625 2314 747 2350 fuere?
761 2326 805 2346 an
816 2313 931 2346 Poetae
945 2309 1150 2356 dignitatem
1167 2317 1200 2342 et

527 2372 683 2406 divinam
707 2365 944 2412 majestatem?
966 2372 999 2396 at
1027 2362 1127 2408 prior
1147 2362 1201 2394 in-

527 2422 729 2470 terpretatio
753 2419 863 2465 magis
888 2417 1002 2463 placet
1015 2441 1024 2456 ,
1044 2414 1202 2461 quamvis

528 2491 598 2512 non
613 2477 659 2510 ita
673 2472 822 2509 absurda
833 2468 1005 2505 censenda
1022 2469 1066 2502 sit
1086 2475 1202 2513 poste-

527 2533 611 2564 rior.
639 2529 683 2562 Et
711 2527 864 2573 priorem
893 2524 1031 2558 firmare
1063 2520 1201 2554 videtur

1256 1037 1366 1082 epigr.
1379 1038 1474 1071 citat.
1491 1037 1534 1072 de.
1548 1037 1663 1079 Livio;
1677 1050 1885 1083 quamquam
1897 1046 1931 1072 et

1256 1090 1290 1123 in
1305 1090 1373 1124 hoc
1391 1091 1593 1136 rogaverint
1609 1091 1818 1136 interpretes
1832 1104 1875 1125 au
1893 1094 1929 1124 τὸ

1257 1144 1365 1187 ingens
1392 1143 1549 1189 designet
1570 1144 1744 1178 librorum
1768 1144 1929 1178 multitu-

1257 1194 1379 1230 dinem
1393 1222 1402 1237 ,
1426 1205 1484 1229 aut
1506 1197 1636 1241 ingenii
1656 1197 1738 1230 vim.

1312 1262 1343 1282 2.
1372 1250 1475 1294 Ipsius
1499 1250 1619 1289 mirus,
1646 1257 1710 1283 etc.
1737 1249 1930 1295 Frontispi-

1255 1301 1349 1334 cium
1378 1302 1484 1336 habet
1507 1302 1694 1347 imaginem
1712 1302 1865 1347 Virgilii.
1880 1324 1930 1329 —

1256 1355 1366 1387 Prima
1392 1355 1520 1395 tabella,
1555 1357 1591 1388 τὸ
1623 1360 1749 1402 πρῶτον
1777 1356 1910 1399 πτυχὶον
1921 1381 1931 1397 ‚

1252 1410 1387 1451 primum
1406 1409 1536 1450 folium.
1555 1408 1646 1441 Hinc
1672 1407 1828 1442 Isidorus
1849 1409 1932 1442 folia

1255 1460 1428 1493 librorum
1456 1460 1547 1494 dicta
1575 1473 1647 1495 esse
1673 1460 1814 1501 scribit,
1850 1461 1935 1508 quod

1256 1526 1294 1545 ez
1314 1513 1448 1556 follibus
1459 1512 1592 1557 fierent,
1620 1514 1656 1546 id
1675 1522 1721 1547 est
1734 1541 1740 1553 ‚
1778 1528 1815 1547 ea:
1838 1515 1932 1559 pelli·

1258 1565 1312 1598 bus
1325 1593 1334 1606 ‚
1356 1578 1433 1611 quae
1451 1566 1495 1600 de
1509 1566 1630 1601 occisis
1649 1567 1857 1600 animalibus
1875 1566 1934 1600 de-

1258 1619 1347 1651 trahi
1369 1619 1492 1653 solent.
1512 1619 1567 1653 Sic
1583 1627 1618 1653 et
1633 1620 1820 1665 pugillares
1835 1631 1931 1653 com-

1258 1672 1342 1716 poni
1355 1672 1532 1713 solebant,
1549 1685 1588 1706 ex
1606 1673 1765 1718 pluribus
1779 1673 1929 1712 tabellis,

1257 1737 1334 1769 quae
1365 1727 1489 1769 πτυχία
1519 1724 1642 1759 dicunt
1669 1725 1783 1759 Graeci
1809 1737 1818 1758 ;
1848 1726 1932 1759 hinc

1258 1776 1408 1822 δίπτυχα
1418 1779 1646 1820 vocabantur,
1659 1790 1735 1824 quae
1746 1790 1786 1812 ex
1799 1777 1934 1824 duplici

1260 1831 1384 1864 tabella
1399 1832 1615 1865 constabant.
1632 1832 1748 1865 Latini
1761 1831 1863 1865 etiam
1877 1832 1934 1865 du-

1254 1884 1351 1929 plices
1362 1883 1499 1926 dixere;
1514 1893 1548 1918 et
1564 1885 1712 1930 triplices,
1725 1896 1801 1930 quae
1814 1897 1860 1918 ex
1875 1885 1935 1918 tri·

1258 1938 1337 1978 hus,
1355 1946 1419 1971 etc.
1437 1939 1651 1981 πολύπτυχα,
1667 1950 1741 1983 quae
1759 1950 1800 1971 ex
1819 1937 1932 1984 pluri-

1258 1990 1332 2024 bus.
1343 1990 1512 2024 Martialis
1521 1990 1564 2024 de
1572 1991 1798 2036 pugillaribus
1804 1990 1932 2030 citreis,

1258 2043 1318 2076 lib.
1336 2043 1439 2085 XIV,
1454 2040 1563 2088 epigr.
1583 2055 1629 2077 111
1646 2055 1654 2076 z
1674 2042 1793 2076 «Secta
1808 2043 1877 2076 nisi
1894 2043 1929 2075 in

1259 2104 1380 2129 tenues
1394 2108 1540 2130 essemus
1554 2096 1648 2141 ligna
1664 2095 1822 2137 tabellas,
1838 2096 1934 2129 Esse-

1258 2161 1335 2182 mus
1360 2149 1484 2195 Libyci
1507 2149 1626 2181 nobile
1650 2148 1767 2182 dentis
1791 2161 1889 2182 onus.
1913 2166 1926 2178 υ

1258 2201 1447 2246 Pugillares
1469 2213 1550 2247 ergo
1570 2201 1621 2235 illi
1638 2201 1738 2235 citrei
1755 2213 1797 2235 ex
1814 2201 1933 2235 multis

1258 2254 1434 2288 sectilibus
1447 2254 1597 2297 tabellis,
1611 2254 1677 2288 hoc
1696 2262 1747 2288 est
1758 2280 1767 2295 ,
1782 2254 1874 2288 foliis
1889 2254 1932 2287 li-

1259 2307 1356 2352 gneis
1372 2307 1544 2352 compacti
1562 2316 1676 2349 erant,
1695 2306 1815 2341 eadem
1831 2307 1933 2352 plane

1260 2360 1388 2401 forma,
1418 2373 1486 2405 qua
1510 2368 1545 2394 et
1572 2360 1759 2406 pugillares
1785 2359 1933 2394 deletitii

1261 2413 1393 2454 nostri,
1423 2413 1550 2459 quibus
1579 2412 1686 2447 hodie
1717 2412 1871 2455 utimur,-
1899 2421 1933 2446 et

1261 2466 1402 2498 tablettes
1423 2478 1607 2508 vocamus,
1627 2466 1722 2512 quasi
1741 2477 1863 2512 parvus
1882 2475 1932 2498 ta-

1259 2519 1369 2553 bulas.
1390 2518 1524 2552 Salmas.
