<?xml version="1.0" encoding="UTF-8"?>
<!DOCTYPE html PUBLIC "-//W3C//DTD XHTML 1.0 Transitional//EN"
    "http://www.w3.org/TR/xhtml1/DTD/xhtml1-transitional.dtd">
<html xmlns="http://www.w3.org/1999/xhtml" xml:lang="en" lang="en">
 <head>
  <title>
</title>
<meta http-equiv="Content-Type" content="text/html;charset=utf-8" />
  <meta name='ocr-system' content='tesseract 3.04.00' />
  <meta name='ocr-capabilities' content='ocr_page ocr_carea ocr_par ocr_line ocrx_word'/>
</head>
<body>
  <div class='ocr_page' id='page_1' title='image "./epigrammata03martuoft_0110.png"; bbox 0 0 2044 3292; ppageno 0'>
   <div class='ocr_carea' id='block_1_1' title="bbox 519 206 581 267">
    <p class='ocr_par' dir='ltr' id='par_1_1' title="bbox 519 206 581 267">
     <span class='ocr_line' id='line_1_1' title="bbox 519 206 581 267; baseline 0 -18"><span class='ocrx_word' id='word_1_1' title='bbox 519 206 581 267; x_wconf 80' lang='grc'><strong>76</strong></span> 
     </span>
    </p>
   </div>
   <div class='ocr_carea' id='block_1_2' title="bbox 900 209 1554 255">
    <p class='ocr_par' dir='ltr' id='par_1_2' title="bbox 900 209 1554 255">
     <span class='ocr_line' id='line_1_2' title="bbox 900 209 1554 255; baseline 0.008 -5"><span class='ocrx_word' id='word_1_2' title='bbox 900 209 962 251; x_wconf 90' lang='grc' dir='ltr'><strong>Μ.</strong></span> <span class='ocrx_word' id='word_1_3' title='bbox 982 210 1123 254; x_wconf 87' lang='lat' dir='ltr'><strong>VAL.</strong></span> <span class='ocrx_word' id='word_1_4' title='bbox 1162 211 1554 255; x_wconf 87' lang='lat' dir='ltr'><strong>MARTIALIS</strong></span> 
     </span>
    </p>
   </div>
   <div class='ocr_carea' id='block_1_3' title="bbox 583 294 1660 779">
    <p class='ocr_par' dir='ltr' id='par_1_3' title="bbox 583 294 1660 779">
     <span class='ocr_line' id='line_1_3' title="bbox 655 294 1483 345; baseline 0.004 -6"><span class='ocrx_word' id='word_1_5' title='bbox 655 295 751 339; x_wconf 87' lang='lat' dir='ltr'>Sint</span> <span class='ocrx_word' id='word_1_6' title='bbox 776 294 879 340; x_wconf 86' lang='lat' dir='ltr'><strong>licet</strong></span> <span class='ocrx_word' id='word_1_7' title='bbox 901 296 1079 341; x_wconf 86' lang='lat' dir='ltr'><strong>infantis</strong></span> <span class='ocrx_word' id='word_1_8' title='bbox 1106 298 1346 342; x_wconf 88' lang='lat' dir='ltr'>sordidiora</span> <span class='ocrx_word' id='word_1_9' title='bbox 1375 299 1483 345; x_wconf 90' lang='lat' dir='ltr'><strong>sinu.</strong></span> 
     </span>
     <span class='ocr_line' id='line_1_4' title="bbox 583 365 1586 430; baseline 0.005 -22"><span class='ocrx_word' id='word_1_10' title='bbox 583 365 776 426; x_wconf 84' lang='lat' dir='ltr'>Exiguos</span> <span class='ocrx_word' id='word_1_11' title='bbox 808 376 925 411; x_wconf 86' lang='lat' dir='ltr'><strong>secto</strong></span> <span class='ocrx_word' id='word_1_12' title='bbox 954 377 1200 414; x_wconf 84' lang='lat' dir='ltr'>comentem</span> <span class='ocrx_word' id='word_1_13' title='bbox 1226 369 1354 414; x_wconf 87' lang='lat' dir='ltr'><strong>dente</strong></span> <span class='ocrx_word' id='word_1_14' title='bbox 1383 368 1586 430; x_wconf 68' lang='lat' dir='ltr'><strong>capillos,</strong></span> 
     </span>
     <span class='ocr_line' id='line_1_5' title="bbox 655 436 1497 501; baseline 0.006 -22"><span class='ocrx_word' id='word_1_15' title='bbox 655 436 785 480; x_wconf 87' lang='lat' dir='ltr'>Dicet</span> <span class='ocrx_word' id='word_1_16' title='bbox 807 437 1024 483; x_wconf 87' lang='lat' dir='ltr'><strong>Achilleas</strong></span> <span class='ocrx_word' id='word_1_17' title='bbox 1048 439 1311 501; x_wconf 85' lang='lat' dir='ltr'><strong>disposuisse</strong></span> <span class='ocrx_word' id='word_1_18' title='bbox 1335 456 1497 484; x_wconf 83' lang='lat' dir='ltr'><strong>comas.</strong></span> 
     </span>
     <span class='ocr_line' id='line_1_6' title="bbox 585 507 1612 571; baseline 0.005 -22"><span class='ocrx_word' id='word_1_19' title='bbox 585 507 783 552; x_wconf 85' lang='lat' dir='ltr'><strong>Fumosae</strong></span> <span class='ocrx_word' id='word_1_20' title='bbox 803 507 913 552; x_wconf 90' lang='lat' dir='ltr'><strong>feret</strong></span> <span class='ocrx_word' id='word_1_21' title='bbox 932 509 1024 570; x_wconf 90' lang='lat' dir='ltr'><strong>ipse</strong></span> <span class='ocrx_word' id='word_1_22' title='bbox 1046 511 1193 571; x_wconf 88' lang='lat' dir='ltr'><strong>tropin</strong></span> <span class='ocrx_word' id='word_1_23' title='bbox 1216 510 1270 554; x_wconf 89' lang='lat' dir='ltr'><strong>de</strong></span> <span class='ocrx_word' id='word_1_24' title='bbox 1295 511 1400 554; x_wconf 87' lang='lat' dir='ltr'><strong>faece</strong></span> <span class='ocrx_word' id='word_1_25' title='bbox 1425 510 1612 571; x_wconf 77' lang='lat' dir='ltr'><strong>lagenae,</strong></span> 
     </span>
     <span class='ocr_line' id='line_1_7' title="bbox 654 578 1660 642; baseline 0.005 -23"><span class='ocrx_word' id='word_1_26' title='bbox 654 578 826 622; x_wconf 76' lang='lat' dir='ltr'><strong>Frontis</strong></span> <span class='ocrx_word' id='word_1_27' title='bbox 851 588 895 622; x_wconf 91' lang='lat' dir='ltr'><strong>et</strong></span> <span class='ocrx_word' id='word_1_28' title='bbox 922 578 1154 624; x_wconf 85' lang='lat' dir='ltr'><strong>humorem</strong></span> <span class='ocrx_word' id='word_1_29' title='bbox 1185 580 1360 642; x_wconf 85' lang='lat' dir='ltr'><strong>colliget</strong></span> <span class='ocrx_word' id='word_1_30' title='bbox 1389 597 1526 641; x_wconf 91' lang='lat' dir='ltr'><strong>usque</strong></span> <span class='ocrx_word' id='word_1_31' title='bbox 1551 590 1660 635; x_wconf 80' lang='lat' dir='ltr'><strong>tuae3</strong></span> 
     </span>
     <span class='ocr_line' id='line_1_8' title="bbox 585 647 1616 707; baseline 0.004 -17"><span class='ocrx_word' id='word_1_32' title='bbox 585 649 746 691; x_wconf 88' lang='lat' dir='ltr'><strong>Omnia</strong></span> <span class='ocrx_word' id='word_1_33' title='bbox 778 647 996 705; x_wconf 84' lang='lat' dir='ltr'><strong>laudabit,</strong></span> <span class='ocrx_word' id='word_1_34' title='bbox 1023 650 1254 694; x_wconf 87' lang='lat' dir='ltr'><strong>mirabitur</strong></span> <span class='ocrx_word' id='word_1_35' title='bbox 1278 651 1451 707; x_wconf 80' lang='lat' dir='ltr'><strong>omnia,</strong></span> <span class='ocrx_word' id='word_1_36' title='bbox 1475 651 1616 695; x_wconf 86' lang='lat' dir='ltr'><strong>donec</strong></span> 
     </span>
     <span class='ocr_line' id='line_1_9' title="bbox 654 719 1496 779; baseline 0.004 -18"><span class='ocrx_word' id='word_1_37' title='bbox 654 719 887 779; x_wconf 82' lang='lat' dir='ltr'><strong>Perpessus</strong></span> <span class='ocrx_word' id='word_1_38' title='bbox 914 719 1034 765; x_wconf 83' lang='lat' dir='ltr'><strong>dicas</strong></span> <span class='ocrx_word' id='word_1_39' title='bbox 1055 720 1181 765; x_wconf 86' lang='lat' dir='ltr'><strong>taedia</strong></span> <span class='ocrx_word' id='word_1_40' title='bbox 1205 720 1346 776; x_wconf 77' lang='lat' dir='ltr'><strong>mille,</strong></span> <span class='ocrx_word' id='word_1_41' title='bbox 1368 722 1496 765; x_wconf 90' lang='lat' dir='ltr'><strong>Veni.</strong></span> 
     </span>
    </p>
   </div>
   <div class='ocr_carea' id='block_1_4' title="bbox 509 835 1190 1296">
    <p class='ocr_par' dir='ltr' id='par_1_4' title="bbox 511 835 1187 934">
     <span class='ocr_line' id='line_1_10' title="bbox 512 835 1187 883; baseline 0.009 -16"><span class='ocrx_word' id='word_1_42' title='bbox 512 835 698 868; x_wconf 80' lang='lat' dir='ltr'><strong>mebantur</strong></span> <span class='ocrx_word' id='word_1_43' title='bbox 718 835 761 869; x_wconf 85' lang='lat' dir='ltr'><strong>ad</strong></span> <span class='ocrx_word' id='word_1_44' title='bbox 792 849 922 883; x_wconf 84' lang='lat' dir='ltr'><strong>corpus</strong></span> <span class='ocrx_word' id='word_1_45' title='bbox 944 847 1022 883; x_wconf 86' lang='lat' dir='ltr'><strong>post</strong></span> <span class='ocrx_word' id='word_1_46' title='bbox 1044 839 1187 872; x_wconf 85' lang='lat' dir='ltr'><strong>lavatio-</strong></span> 
     </span>
     <span class='ocr_line' id='line_1_11' title="bbox 511 888 897 934; baseline 0.008 -14"><span class='ocrx_word' id='word_1_47' title='bbox 511 900 592 921; x_wconf 88' lang='lat' dir='ltr'><strong>nem</strong></span> <span class='ocrx_word' id='word_1_48' title='bbox 613 888 897 934; x_wconf 85' lang='lat' dir='ltr'><strong>abstergendum.</strong></span> 
     </span>
    </p>

    <p class='ocr_par' dir='ltr' id='par_1_5' title="bbox 570 941 924 977">
     <span class='ocr_line' id='line_1_12' title="bbox 570 941 924 977; baseline 0 -1"><span class='ocrx_word' id='word_1_49' title='bbox 570 943 604 976; x_wconf 90' lang='lat'><strong>8.</strong></span> <span class='ocrx_word' id='word_1_50' title='bbox 625 941 699 975; x_wconf 85' lang='lat' dir='ltr'><strong>Situ</strong></span> <span class='ocrx_word' id='word_1_51' title='bbox 717 942 826 976; x_wconf 84' lang='lat' dir='ltr'><strong>Palat.</strong></span> <span class='ocrx_word' id='word_1_52' title='bbox 846 942 924 977; x_wconf 92' lang='lat' dir='ltr'><strong>cod.</strong></span> 
     </span>
    </p>

    <p class='ocr_par' dir='ltr' id='par_1_6' title="bbox 567 994 1186 1044">
     <span class='ocr_line' id='line_1_13' title="bbox 567 994 1186 1044; baseline 0.008 -17"><span class='ocrx_word' id='word_1_53' title='bbox 567 1007 601 1038; x_wconf 84' lang='lat'><strong>9.</strong></span> <span class='ocrx_word' id='word_1_54' title='bbox 620 994 713 1028; x_wconf 83' lang='lat' dir='ltr'><strong>Secto</strong></span> <span class='ocrx_word' id='word_1_55' title='bbox 731 996 832 1029; x_wconf 81' lang='lat' dir='ltr'><strong>dente.</strong></span> <span class='ocrx_word' id='word_1_56' title='bbox 854 997 931 1030; x_wconf 87' lang='lat' dir='ltr'><strong>Hoc</strong></span> <span class='ocrx_word' id='word_1_57' title='bbox 949 1006 1020 1039; x_wconf 85' lang='lat' dir='ltr'><strong>est,</strong></span> <span class='ocrx_word' id='word_1_58' title='bbox 1036 999 1186 1044; x_wconf 86' lang='lat' dir='ltr'><strong>pectine.</strong></span> 
     </span>
    </p>

    <p class='ocr_par' dir='ltr' id='par_1_7' title="bbox 509 1047 1190 1296">
     <span class='ocr_line' id='line_1_14' title="bbox 571 1047 1188 1092; baseline 0.01 -13"><span class='ocrx_word' id='word_1_59' title='bbox 571 1059 625 1081; x_wconf 90' lang='lat'><strong>10.</strong></span> <span class='ocrx_word' id='word_1_60' title='bbox 648 1047 746 1081; x_wconf 81' lang='lat' dir='ltr'><strong>Coma</strong></span> <span class='ocrx_word' id='word_1_61' title='bbox 773 1049 906 1083; x_wconf 85' lang='lat' dir='ltr'><strong>habent</strong></span> <span class='ocrx_word' id='word_1_62' title='bbox 932 1050 1012 1092; x_wconf 86' lang='lat' dir='ltr'><strong>alii;</strong></span> <span class='ocrx_word' id='word_1_63' title='bbox 1036 1051 1097 1085; x_wconf 91' lang='lat' dir='ltr'><strong>sed</strong></span> <span class='ocrx_word' id='word_1_64' title='bbox 1116 1051 1188 1085; x_wconf 90' lang='lat' dir='ltr'><strong>vid.</strong></span> 
     </span>
     <span class='ocr_line' id='line_1_15' title="bbox 511 1099 1189 1145; baseline 0.009 -13"><span class='ocrx_word' id='word_1_65' title='bbox 511 1099 632 1134; x_wconf 84' lang='lat' dir='ltr'><strong>Heius.</strong></span> <span class='ocrx_word' id='word_1_66' title='bbox 653 1100 696 1134; x_wconf 85' lang='lat' dir='ltr'><strong>ad</strong></span> <span class='ocrx_word' id='word_1_67' title='bbox 718 1101 824 1137; x_wconf 86' lang='lat' dir='ltr'><strong>Ovid.</strong></span> <span class='ocrx_word' id='word_1_68' title='bbox 845 1103 965 1136; x_wconf 81' lang='lat' dir='ltr'><strong>Amor.</strong></span> <span class='ocrx_word' id='word_1_69' title='bbox 989 1105 1024 1145; x_wconf 94' lang='lat' dir='ltr'><strong>I,</strong></span> <span class='ocrx_word' id='word_1_70' title='bbox 1041 1117 1113 1145; x_wconf 70' lang='lat' dir='ltr'><strong>nv,</strong></span> <span class='ocrx_word' id='word_1_71' title='bbox 1129 1105 1189 1138; x_wconf 83' lang='lat'><strong>35.</strong></span> 
     </span>
     <span class='ocr_line' id='line_1_16' title="bbox 510 1153 1190 1198; baseline 0.009 -13"><span class='ocrx_word' id='word_1_72' title='bbox 510 1153 730 1187; x_wconf 79' lang='lat' dir='ltr'><strong>—Aclzilleas</strong></span> <span class='ocrx_word' id='word_1_73' title='bbox 740 1169 854 1189; x_wconf 82' lang='lat' dir='ltr'><strong>comas.</strong></span> <span class='ocrx_word' id='word_1_74' title='bbox 866 1155 946 1190; x_wconf 91' lang='lat' dir='ltr'><strong>Hoc</strong></span> <span class='ocrx_word' id='word_1_75' title='bbox 958 1165 1020 1198; x_wconf 90' lang='lat' dir='ltr'><strong>est,</strong></span> <span class='ocrx_word' id='word_1_76' title='bbox 1032 1166 1108 1190; x_wconf 85' lang='lat' dir='ltr'><strong>tuas</strong></span> <span class='ocrx_word' id='word_1_77' title='bbox 1119 1169 1190 1191; x_wconf 88' lang='lat' dir='ltr'><strong>esse</strong></span> 
     </span>
     <span class='ocr_line' id='line_1_17' title="bbox 510 1205 1189 1255; baseline 0.006 -16"><span class='ocrx_word' id='word_1_78' title='bbox 510 1205 633 1248; x_wconf 85' lang='lat' dir='ltr'><strong>flavas,</strong></span> <span class='ocrx_word' id='word_1_79' title='bbox 651 1215 686 1240; x_wconf 89' lang='lat' dir='ltr'><strong>et</strong></span> <span class='ocrx_word' id='word_1_80' title='bbox 704 1208 868 1254; x_wconf 83' lang='lat' dir='ltr'><strong>pulchras</strong></span> <span class='ocrx_word' id='word_1_81' title='bbox 880 1234 890 1250; x_wconf 83' lang='lat'><strong>.‚</strong></span> <span class='ocrx_word' id='word_1_82' title='bbox 907 1210 1025 1255; x_wconf 87' lang='lat' dir='ltr'><strong>quales</strong></span> <span class='ocrx_word' id='word_1_83' title='bbox 1044 1210 1189 1244; x_wconf 86' lang='lat' dir='ltr'><strong>Achillis</strong></span> 
     </span>
     <span class='ocr_line' id='line_1_18' title="bbox 509 1259 971 1296; baseline 0.011 -5"><span class='ocrx_word' id='word_1_84' title='bbox 509 1271 625 1293; x_wconf 88' lang='lat' dir='ltr'><strong>comas</strong></span> <span class='ocrx_word' id='word_1_85' title='bbox 646 1259 764 1294; x_wconf 88' lang='lat' dir='ltr'><strong>laudat</strong></span> <span class='ocrx_word' id='word_1_86' title='bbox 784 1261 971 1296; x_wconf 77' lang='lat' dir='ltr'><strong>Homerus.</strong></span> 
     </span>
    </p>
   </div>
   <div class='ocr_carea' id='block_1_5' title="bbox 509 1314 1189 1413">
    <p class='ocr_par' dir='ltr' id='par_1_8' title="bbox 509 1314 1189 1413">
     <span class='ocr_line' id='line_1_19' title="bbox 568 1314 1186 1359; baseline 0.006 -14"><span class='ocrx_word' id='word_1_87' title='bbox 568 1325 581 1345; x_wconf 93' lang='lat'>1</span> <span class='ocrx_word' id='word_1_88' title='bbox 594 1324 622 1346; x_wconf 90' lang='lat'><strong>1.</strong></span> <span class='ocrx_word' id='word_1_89' title='bbox 639 1314 774 1359; x_wconf 83' lang='lat' dir='ltr'><strong>Propin.</strong></span> <span class='ocrx_word' id='word_1_90' title='bbox 791 1314 865 1349; x_wconf 92' lang='lat' dir='ltr'><strong>MS.</strong></span> <span class='ocrx_word' id='word_1_91' title='bbox 882 1316 1018 1349; x_wconf 86' lang='lat' dir='ltr'><strong>Beverl.</strong></span> <span class='ocrx_word' id='word_1_92' title='bbox 1032 1315 1092 1349; x_wconf 90' lang='lat' dir='ltr'><strong>sed</strong></span> <span class='ocrx_word' id='word_1_93' title='bbox 1107 1316 1186 1349; x_wconf 87' lang='lat' dir='ltr'><strong>har-</strong></span> 
     </span>
     <span class='ocr_line' id='line_1_20' title="bbox 509 1364 1189 1413; baseline 0.007 -16"><span class='ocrx_word' id='word_1_94' title='bbox 509 1364 649 1398; x_wconf 84' lang='lat' dir='ltr'><strong>bare—</strong></span> <span class='ocrx_word' id='word_1_95' title='bbox 662 1367 793 1413; x_wconf 78' lang='lat' dir='ltr'><strong>Tropin.</strong></span> <span class='ocrx_word' id='word_1_96' title='bbox 813 1368 901 1409; x_wconf 88' lang='lat' dir='ltr'><strong>Quae</strong></span> <span class='ocrx_word' id='word_1_97' title='bbox 920 1377 970 1403; x_wconf 86' lang='lat' dir='ltr'><strong>est</strong></span> <span class='ocrx_word' id='word_1_98' title='bbox 990 1369 1111 1403; x_wconf 80' lang='lat' dir='ltr'><strong>infima</strong></span> <span class='ocrx_word' id='word_1_99' title='bbox 1130 1382 1189 1402; x_wconf 80' lang='lat' dir='ltr'><strong>na-</strong></span> 
     </span>
    </p>
   </div>
   <div class='ocr_carea' id='block_1_6' title="bbox 1248 838 1932 1406">
    <p class='ocr_par' dir='ltr' id='par_1_9' title="bbox 1248 838 1930 1149">
     <span class='ocr_line' id='line_1_21' title="bbox 1249 838 1930 885; baseline 0.003 -14"><span class='ocrx_word' id='word_1_100' title='bbox 1249 840 1300 872; x_wconf 68' lang='lat' dir='ltr'><strong>vis</strong></span> <span class='ocrx_word' id='word_1_101' title='bbox 1319 851 1420 884; x_wconf 85' lang='lat' dir='ltr'><strong>pars,</strong></span> <span class='ocrx_word' id='word_1_102' title='bbox 1442 846 1477 872; x_wconf 87' lang='lat' dir='ltr'><strong>et</strong></span> <span class='ocrx_word' id='word_1_103' title='bbox 1498 838 1557 872; x_wconf 86' lang='lat' dir='ltr'><strong>hic</strong></span> <span class='ocrx_word' id='word_1_104' title='bbox 1582 838 1737 872; x_wconf 84' lang='lat' dir='ltr'><strong>sumitur</strong></span> <span class='ocrx_word' id='word_1_105' title='bbox 1760 851 1826 885; x_wconf 90' lang='lat' dir='ltr'><strong>pro</strong></span> <span class='ocrx_word' id='word_1_106' title='bbox 1847 839 1930 873; x_wconf 83' lang='lat' dir='ltr'><strong>vino</strong></span> 
     </span>
     <span class='ocr_line' id='line_1_22' title="bbox 1249 890 1929 938; baseline 0.001 -13"><span class='ocrx_word' id='word_1_107' title='bbox 1249 891 1398 938; x_wconf 85' lang='lat' dir='ltr'><strong>vapido,</strong></span> <span class='ocrx_word' id='word_1_108' title='bbox 1418 890 1516 938; x_wconf 87' lang='lat' dir='ltr'><strong>quod</strong></span> <span class='ocrx_word' id='word_1_109' title='bbox 1538 900 1589 926; x_wconf 89' lang='lat' dir='ltr'><strong>est</strong></span> <span class='ocrx_word' id='word_1_110' title='bbox 1609 891 1646 924; x_wconf 90' lang='lat' dir='ltr'><strong>in</strong></span> <span class='ocrx_word' id='word_1_111' title='bbox 1661 892 1793 937; x_wconf 86' lang='lat' dir='ltr'><strong>lagenae</strong></span> <span class='ocrx_word' id='word_1_112' title='bbox 1807 891 1929 926; x_wconf 85' lang='lat' dir='ltr'><strong>fundo.</strong></span> 
     </span>
     <span class='ocr_line' id='line_1_23' title="bbox 1248 944 1929 990; baseline 0.001 -12"><span class='ocrx_word' id='word_1_113' title='bbox 1248 944 1459 990; x_wconf 86' lang='lat' dir='ltr'><strong>Hujusmodi</strong></span> <span class='ocrx_word' id='word_1_114' title='bbox 1471 944 1555 978; x_wconf 90' lang='lat' dir='ltr'><strong>vino</strong></span> <span class='ocrx_word' id='word_1_115' title='bbox 1568 945 1759 979; x_wconf 89' lang='lat' dir='ltr'><strong>utebantur</strong></span> <span class='ocrx_word' id='word_1_116' title='bbox 1767 945 1912 979; x_wconf 81' lang='lat' dir='ltr'><strong>Veteres</strong></span> <span class='ocrx_word' id='word_1_117' title='bbox 1920 971 1929 986; x_wconf 84' lang='lat'>‚</span> 
     </span>
     <span class='ocr_line' id='line_1_24' title="bbox 1249 996 1930 1043; baseline 0.001 -12"><span class='ocrx_word' id='word_1_118' title='bbox 1249 998 1304 1032; x_wconf 86' lang='lat' dir='ltr'><strong>vel</strong></span> <span class='ocrx_word' id='word_1_119' title='bbox 1318 996 1362 1032; x_wconf 86' lang='lat' dir='ltr'><strong>ad</strong></span> <span class='ocrx_word' id='word_1_120' title='bbox 1372 1010 1524 1043; x_wconf 88' lang='lat' dir='ltr'><strong>corpora</strong></span> <span class='ocrx_word' id='word_1_121' title='bbox 1538 996 1711 1031; x_wconf 78' lang='lat' dir='ltr'><strong>abluenda</strong></span> <span class='ocrx_word' id='word_1_122' title='bbox 1726 998 1761 1031; x_wconf 92' lang='lat' dir='ltr'><strong>in</strong></span> <span class='ocrx_word' id='word_1_123' title='bbox 1778 998 1912 1032; x_wconf 84' lang='lat' dir='ltr'><strong>balneis</strong></span> <span class='ocrx_word' id='word_1_124' title='bbox 1922 1025 1930 1040; x_wconf 87' lang='lat'><strong>,</strong></span> 
     </span>
     <span class='ocr_line' id='line_1_25' title="bbox 1250 1050 1930 1085; baseline 0.001 -1"><span class='ocrx_word' id='word_1_125' title='bbox 1250 1052 1304 1084; x_wconf 82' lang='lat' dir='ltr'><strong>vel</strong></span> <span class='ocrx_word' id='word_1_126' title='bbox 1323 1050 1367 1085; x_wconf 87' lang='lat' dir='ltr'><strong>ad</strong></span> <span class='ocrx_word' id='word_1_127' title='bbox 1389 1051 1562 1084; x_wconf 87' lang='lat' dir='ltr'><strong>vomitum</strong></span> <span class='ocrx_word' id='word_1_128' title='bbox 1585 1059 1664 1085; x_wconf 88' lang='lat' dir='ltr'><strong>ante</strong></span> <span class='ocrx_word' id='word_1_129' title='bbox 1681 1063 1816 1085; x_wconf 86' lang='lat' dir='ltr'><strong>coenam</strong></span> <span class='ocrx_word' id='word_1_130' title='bbox 1835 1051 1930 1085; x_wconf 85' lang='lat' dir='ltr'><strong>cien-</strong></span> 
     </span>
     <span class='ocr_line' id='line_1_26' title="bbox 1251 1103 1674 1149; baseline 0 -12"><span class='ocrx_word' id='word_1_131' title='bbox 1251 1103 1354 1142; x_wconf 85' lang='lat' dir='ltr'><strong>dum,</strong></span> <span class='ocrx_word' id='word_1_132' title='bbox 1379 1104 1498 1149; x_wconf 85' lang='lat' dir='ltr'><strong>inquit</strong></span> <span class='ocrx_word' id='word_1_133' title='bbox 1519 1104 1674 1137; x_wconf 80' lang='lat' dir='ltr'><strong>Raderus.</strong></span> 
     </span>
    </p>

    <p class='ocr_par' dir='ltr' id='par_1_10' title="bbox 1249 1156 1932 1350">
     <span class='ocr_line' id='line_1_27' title="bbox 1308 1156 1930 1203; baseline -0.002 -12"><span class='ocrx_word' id='word_1_134' title='bbox 1308 1170 1321 1191; x_wconf 90' lang='lat'>1</span> <span class='ocrx_word' id='word_1_135' title='bbox 1334 1172 1365 1191; x_wconf 80' lang='lat'><strong>2.</strong></span> <span class='ocrx_word' id='word_1_136' title='bbox 1379 1157 1452 1202; x_wconf 79' lang='lat' dir='ltr'><strong>Ipse</strong></span> <span class='ocrx_word' id='word_1_137' title='bbox 1462 1170 1528 1203; x_wconf 89' lang='lat' dir='ltr'><strong>pro</strong></span> <span class='ocrx_word' id='word_1_138' title='bbox 1539 1170 1633 1202; x_wconf 80' lang='lat' dir='ltr'><strong>usque</strong></span> <span class='ocrx_word' id='word_1_139' title='bbox 1645 1156 1700 1191; x_wconf 87' lang='lat' dir='ltr'><strong>ed.</strong></span> <span class='ocrx_word' id='word_1_140' title='bbox 1716 1157 1819 1191; x_wconf 82' lang='lat' dir='ltr'><strong>Barb.</strong></span> <span class='ocrx_word' id='word_1_141' title='bbox 1831 1157 1930 1203; x_wconf 90' lang='lat' dir='ltr'><strong>quod</strong></span> 
     </span>
     <span class='ocr_line' id='line_1_28' title="bbox 1249 1210 1932 1255; baseline 0.001 -12"><span class='ocrx_word' id='word_1_142' title='bbox 1249 1210 1336 1244; x_wconf 82' lang='lat' dir='ltr'><strong>alios</strong></span> <span class='ocrx_word' id='word_1_143' title='bbox 1359 1210 1473 1255; x_wconf 87' lang='lat' dir='ltr'><strong>legere</strong></span> <span class='ocrx_word' id='word_1_144' title='bbox 1501 1210 1636 1244; x_wconf 82' lang='lat' dir='ltr'><strong>notavit</strong></span> <span class='ocrx_word' id='word_1_145' title='bbox 1665 1211 1815 1244; x_wconf 85' lang='lat' dir='ltr'><strong>Farnab.</strong></span> <span class='ocrx_word' id='word_1_146' title='bbox 1843 1211 1932 1244; x_wconf 83' lang='lat' dir='ltr'><strong>Prae-</strong></span> 
     </span>
     <span class='ocr_line' id='line_1_29' title="bbox 1249 1263 1931 1309; baseline 0.001 -13"><span class='ocrx_word' id='word_1_147' title='bbox 1249 1271 1316 1297; x_wconf 82' lang='lat' dir='ltr'><strong>stat</strong></span> <span class='ocrx_word' id='word_1_148' title='bbox 1337 1271 1453 1296; x_wconf 80' lang='lat' dir='ltr'><strong>tamen</strong></span> <span class='ocrx_word' id='word_1_149' title='bbox 1476 1263 1614 1309; x_wconf 79' lang='lat' dir='ltr'><strong>vulgata</strong></span> <span class='ocrx_word' id='word_1_150' title='bbox 1634 1263 1752 1297; x_wconf 87' lang='lat' dir='ltr'><strong>lectio.</strong></span> <span class='ocrx_word' id='word_1_151' title='bbox 1773 1263 1848 1297; x_wconf 76' lang='lat' dir='ltr'><strong>Sua:</strong></span> <span class='ocrx_word' id='word_1_152' title='bbox 1865 1276 1931 1309; x_wconf 87' lang='lat' dir='ltr'><strong>pro</strong></span> 
     </span>
     <span class='ocr_line' id='line_1_30' title="bbox 1252 1315 1577 1350; baseline 0.003 -1"><span class='ocrx_word' id='word_1_153' title='bbox 1252 1324 1315 1349; x_wconf 78' lang='lat' dir='ltr'><strong>tuce</strong></span> <span class='ocrx_word' id='word_1_154' title='bbox 1335 1315 1417 1350; x_wconf 88' lang='lat' dir='ltr'><strong>cod·</strong></span> <span class='ocrx_word' id='word_1_155' title='bbox 1440 1316 1577 1350; x_wconf 83' lang='lat' dir='ltr'><strong>Beverl.</strong></span> 
     </span>
    </p>

    <p class='ocr_par' dir='ltr' id='par_1_11' title="bbox 1306 1368 1722 1406">
     <span class='ocr_line' id='line_1_31' title="bbox 1306 1368 1722 1406; baseline 0 -3"><span class='ocrx_word' id='word_1_156' title='bbox 1306 1373 1363 1406; x_wconf 76' lang='grc' dir='ltr'><strong>ῐά.</strong></span> <span class='ocrx_word' id='word_1_157' title='bbox 1386 1370 1480 1404; x_wconf 80' lang='lat' dir='ltr'><strong>Veni.</strong></span> <span class='ocrx_word' id='word_1_158' title='bbox 1503 1368 1557 1403; x_wconf 86' lang='lat' dir='ltr'><strong>Ad</strong></span> <span class='ocrx_word' id='word_1_159' title='bbox 1579 1382 1722 1404; x_wconf 83' lang='lat' dir='ltr'><strong>caenam.</strong></span> 
     </span>
    </p>
   </div>
   <div class='ocr_carea' id='block_1_7' title="bbox 1025 1499 1406 1555">
    <p class='ocr_par' dir='ltr' id='par_1_12' title="bbox 1025 1499 1406 1555">
     <span class='ocr_line' id='line_1_32' title="bbox 1025 1499 1406 1555; baseline -0.003 0"><span class='ocrx_word' id='word_1_160' title='bbox 1025 1499 1406 1555; x_wconf 82' lang='lat' dir='ltr'>LXXXIV.</span> 
     </span>
    </p>
   </div>
   <div class='ocr_carea' id='block_1_8' title="bbox 1028 1644 1410 1673">
    <p class='ocr_par' dir='ltr' id='par_1_13' title="bbox 1028 1644 1410 1673">
     <span class='ocr_line' id='line_1_33' title="bbox 1028 1644 1410 1673; baseline -0.003 -1"><span class='ocrx_word' id='word_1_161' title='bbox 1028 1644 1096 1672; x_wconf 87' lang='lat' dir='ltr'><strong>DE</strong></span> <span class='ocrx_word' id='word_1_162' title='bbox 1145 1644 1410 1673; x_wconf 77' lang='lat' dir='ltr'><strong>FABIANO.</strong></span> 
     </span>
    </p>
   </div>
   <div class='ocr_carea' id='block_1_9' title="bbox 720 1751 1612 2168">
    <p class='ocr_par' dir='ltr' id='par_1_14' title="bbox 720 1751 1612 2080">
     <span class='ocr_line' id='line_1_34' title="bbox 720 1751 1488 1805; baseline 0 -9"><span class='ocrx_word' id='word_1_163' title='bbox 720 1752 932 1796; x_wconf 73' lang='lat' dir='ltr'><strong>DEfflson</strong></span> <span class='ocrx_word' id='word_1_164' title='bbox 964 1751 1180 1796; x_wconf 85' lang='lat' dir='ltr'><strong>Fabianus</strong></span> <span class='ocrx_word' id='word_1_165' title='bbox 1213 1752 1488 1805; x_wconf 76' lang='lat' dir='ltr'><strong>hermarum,</strong></span> 
     </span>
     <span class='ocr_line' id='line_1_35' title="bbox 721 1822 1590 1884; baseline 0 -18"><span class='ocrx_word' id='word_1_166' title='bbox 721 1825 889 1867; x_wconf 86' lang='lat' dir='ltr'><strong>Omnes</strong></span> <span class='ocrx_word' id='word_1_167' title='bbox 919 1840 1050 1884; x_wconf 88' lang='lat' dir='ltr'><strong>quem</strong></span> <span class='ocrx_word' id='word_1_168' title='bbox 1082 1822 1214 1867; x_wconf 89' lang='lat' dir='ltr'><strong>modo</strong></span> <span class='ocrx_word' id='word_1_169' title='bbox 1243 1822 1352 1867; x_wconf 84' lang='lat' dir='ltr'><strong>colei</strong></span> <span class='ocrx_word' id='word_1_170' title='bbox 1379 1822 1590 1867; x_wconf 84' lang='lat' dir='ltr'><strong>timebant</strong></span> 
     </span>
     <span class='ocr_line' id='line_1_36' title="bbox 722 1893 1552 1954; baseline -0.001 -16"><span class='ocrx_word' id='word_1_171' title='bbox 722 1894 956 1938; x_wconf 85' lang='lat' dir='ltr'><strong>Dicentem</strong></span> <span class='ocrx_word' id='word_1_172' title='bbox 987 1893 1176 1938; x_wconf 87' lang='lat' dir='ltr'><strong>tumidas</strong></span> <span class='ocrx_word' id='word_1_173' title='bbox 1202 1896 1246 1937; x_wconf 90' lang='lat' dir='ltr'><strong>in</strong></span> <span class='ocrx_word' id='word_1_174' title='bbox 1272 1893 1552 1954; x_wconf 80' lang='lat' dir='ltr'><strong>hydrocelas,</strong></span> 
     </span>
     <span class='ocr_line' id='line_1_37' title="bbox 720 1963 1612 2020; baseline 0 -13"><span class='ocrx_word' id='word_1_175' title='bbox 720 1965 948 2020; x_wconf 85' lang='lat' dir='ltr'><strong>Quantum</strong></span> <span class='ocrx_word' id='word_1_176' title='bbox 979 1981 1060 2009; x_wconf 87' lang='lat' dir='ltr'><strong>nec</strong></span> <span class='ocrx_word' id='word_1_177' title='bbox 1088 1965 1175 2009; x_wconf 93' lang='lat' dir='ltr'><strong>duo</strong></span> <span class='ocrx_word' id='word_1_178' title='bbox 1204 1965 1397 2009; x_wconf 87' lang='lat' dir='ltr'><strong>dicerent</strong></span> <span class='ocrx_word' id='word_1_179' title='bbox 1429 1963 1612 2015; x_wconf 78' lang='lat' dir='ltr'><strong>Catulli,</strong></span> 
     </span>
     <span class='ocr_line' id='line_1_38' title="bbox 721 2036 1440 2080; baseline 0.003 -3"><span class='ocrx_word' id='word_1_180' title='bbox 721 2036 773 2077; x_wconf 90' lang='lat' dir='ltr'><strong>In</strong></span> <span class='ocrx_word' id='word_1_181' title='bbox 800 2036 980 2079; x_wconf 81' lang='lat' dir='ltr'><strong>thermis</strong></span> <span class='ocrx_word' id='word_1_182' title='bbox 1005 2036 1152 2080; x_wconf 87' lang='lat' dir='ltr'><strong>subito</strong></span> <span class='ocrx_word' id='word_1_183' title='bbox 1177 2036 1440 2080; x_wconf 85' lang='lat' dir='ltr'><strong>Neronianis</strong></span> 
     </span>
    </p>

    <p class='ocr_par' dir='ltr' id='par_1_15' title="bbox 721 2105 1511 2168">
     <span class='ocr_line' id='line_1_39' title="bbox 721 2105 1511 2168; baseline 0.003 -19"><span class='ocrx_word' id='word_1_184' title='bbox 721 2105 844 2150; x_wconf 90' lang='lat' dir='ltr'><strong>Vidit</strong></span> <span class='ocrx_word' id='word_1_185' title='bbox 868 2123 913 2150; x_wconf 90' lang='lat' dir='ltr'><strong>se</strong></span> <span class='ocrx_word' id='word_1_186' title='bbox 939 2107 1091 2163; x_wconf 83' lang='lat' dir='ltr'><strong>miser,</strong></span> <span class='ocrx_word' id='word_1_187' title='bbox 1121 2116 1164 2151; x_wconf 87' lang='lat' dir='ltr'><strong>et</strong></span> <span class='ocrx_word' id='word_1_188' title='bbox 1194 2116 1338 2151; x_wconf 85' lang='lat' dir='ltr'><strong>tacere</strong></span> <span class='ocrx_word' id='word_1_189' title='bbox 1368 2108 1511 2168; x_wconf 87' lang='lat' dir='ltr'><strong>eoepit.</strong></span> 
     </span>
    </p>
   </div>
   <div class='ocr_carea' id='block_1_10' title="bbox 510 2226 1192 2687">
    <p class='ocr_par' dir='ltr' id='par_1_16' title="bbox 510 2226 1192 2486">
     <span class='ocr_line' id='line_1_40' title="bbox 565 2226 1192 2275; baseline 0.008 -17"><span class='ocrx_word' id='word_1_190' title='bbox 565 2226 600 2258; x_wconf 79' lang='lat'><strong>3.</strong></span> <span class='ocrx_word' id='word_1_191' title='bbox 610 2226 822 2273; x_wconf 81' lang='lat' dir='ltr'><strong>Hydrocelas.</strong></span> <span class='ocrx_word' id='word_1_192' title='bbox 836 2227 984 2262; x_wconf 86' lang='lat' dir='ltr'><strong>Morbus</strong></span> <span class='ocrx_word' id='word_1_193' title='bbox 994 2237 1066 2262; x_wconf 86' lang='lat' dir='ltr'><strong>erat</strong></span> <span class='ocrx_word' id='word_1_194' title='bbox 1080 2241 1121 2263; x_wconf 84' lang='lat' dir='ltr'><strong>ex</strong></span> <span class='ocrx_word' id='word_1_195' title='bbox 1135 2242 1192 2275; x_wconf 85' lang='lat' dir='ltr'><strong>ge-</strong></span> 
     </span>
     <span class='ocr_line' id='line_1_41' title="bbox 512 2281 1190 2323; baseline 0.007 -12"><span class='ocrx_word' id='word_1_196' title='bbox 512 2291 597 2312; x_wconf 86' lang='lat' dir='ltr'><strong>nere</strong></span> <span class='ocrx_word' id='word_1_197' title='bbox 624 2281 921 2323; x_wconf 88' lang='lat' dir='ltr'><strong>enterocelarum‚</strong></span> <span class='ocrx_word' id='word_1_198' title='bbox 949 2290 983 2315; x_wconf 85' lang='lat' dir='ltr'><strong>ct</strong></span> <span class='ocrx_word' id='word_1_199' title='bbox 1001 2281 1095 2316; x_wconf 90' lang='lat' dir='ltr'><strong>idem</strong></span> <span class='ocrx_word' id='word_1_200' title='bbox 1117 2282 1190 2316; x_wconf 82' lang='lat' dir='ltr'><strong>fere</strong></span> 
     </span>
     <span class='ocr_line' id='line_1_42' title="bbox 510 2331 1189 2380; baseline 0.006 -16"><span class='ocrx_word' id='word_1_201' title='bbox 510 2331 609 2377; x_wconf 86' lang='lat' dir='ltr'><strong>quod</strong></span> <span class='ocrx_word' id='word_1_202' title='bbox 618 2332 756 2375; x_wconf 86' lang='lat' dir='ltr'><strong>hernia,</strong></span> <span class='ocrx_word' id='word_1_203' title='bbox 766 2346 894 2379; x_wconf 87' lang='lat' dir='ltr'><strong>nempe</strong></span> <span class='ocrx_word' id='word_1_204' title='bbox 905 2347 1013 2380; x_wconf 90' lang='lat' dir='ltr'><strong>quum</strong></span> <span class='ocrx_word' id='word_1_205' title='bbox 1024 2335 1189 2369; x_wconf 85' lang='lat' dir='ltr'><strong>intestina</strong></span> 
     </span>
     <span class='ocr_line' id='line_1_43' title="bbox 510 2384 1190 2434; baseline 0.007 -17"><span class='ocrx_word' id='word_1_206' title='bbox 510 2384 716 2419; x_wconf 86' lang='lat' dir='ltr'><strong>dilabuntur</strong></span> <span class='ocrx_word' id='word_1_207' title='bbox 737 2387 774 2420; x_wconf 87' lang='lat' dir='ltr'><strong>in</strong></span> <span class='ocrx_word' id='word_1_208' title='bbox 802 2395 970 2422; x_wconf 87' lang='lat' dir='ltr'><strong>scrotum.</strong></span> <span class='ocrx_word' id='word_1_209' title='bbox 992 2387 1086 2422; x_wconf 88' lang='lat' dir='ltr'><strong>Vide</strong></span> <span class='ocrx_word' id='word_1_210' title='bbox 1114 2401 1190 2434; x_wconf 80' lang='lat' dir='ltr'><strong>quae</strong></span> 
     </span>
     <span class='ocr_line' id='line_1_44' title="bbox 513 2437 1189 2486; baseline 0.006 -15"><span class='ocrx_word' id='word_1_211' title='bbox 513 2437 623 2472; x_wconf 80' lang='lat' dir='ltr'><strong>fusius</strong></span> <span class='ocrx_word' id='word_1_212' title='bbox 639 2451 745 2485; x_wconf 83' lang='lat' dir='ltr'><strong>supra</strong></span> <span class='ocrx_word' id='word_1_213' title='bbox 765 2438 918 2474; x_wconf 88' lang='lat' dir='ltr'><strong>diximus</strong></span> <span class='ocrx_word' id='word_1_214' title='bbox 931 2467 940 2484; x_wconf 85' lang='lat'>‚</span> <span class='ocrx_word' id='word_1_215' title='bbox 956 2453 1031 2486; x_wconf 83' lang='lat' dir='ltr'><strong>pag.</strong></span> <span class='ocrx_word' id='word_1_216' title='bbox 1049 2440 1108 2476; x_wconf 85' lang='lat'><strong>65.</strong></span> <span class='ocrx_word' id='word_1_217' title='bbox 1121 2442 1189 2475; x_wconf 85' lang='lat' dir='ltr'><strong>En.</strong></span> 
     </span>
    </p>

    <p class='ocr_par' dir='ltr' id='par_1_17' title="bbox 511 2491 1189 2592">
     <span class='ocr_line' id='line_1_45' title="bbox 567 2491 1189 2536; baseline 0.008 -13"><span class='ocrx_word' id='word_1_218' title='bbox 567 2495 601 2531; x_wconf 71' lang='grc'><strong>4.</strong></span> <span class='ocrx_word' id='word_1_219' title='bbox 624 2491 786 2536; x_wconf 83' lang='lat' dir='ltr'><strong>Quantum</strong></span> <span class='ocrx_word' id='word_1_220' title='bbox 806 2507 862 2526; x_wconf 79' lang='lat' dir='ltr'><strong>nec</strong></span> <span class='ocrx_word' id='word_1_221' title='bbox 882 2493 956 2528; x_wconf 83' lang='lat' dir='ltr'><strong>duo.</strong></span> <span class='ocrx_word' id='word_1_222' title='bbox 977 2494 1135 2528; x_wconf 60' lang='lat' dir='ltr'><strong>Catullus</strong></span> <span class='ocrx_word' id='word_1_223' title='bbox 1154 2495 1189 2528; x_wconf 87' lang='lat' dir='ltr'><strong>in</strong></span> 
     </span>
     <span class='ocr_line' id='line_1_46' title="bbox 511 2543 985 2592; baseline 0.006 -15"><span class='ocrx_word' id='word_1_224' title='bbox 511 2543 614 2578; x_wconf 83' lang='lat' dir='ltr'><strong>hasce</strong></span> <span class='ocrx_word' id='word_1_225' title='bbox 635 2545 864 2592; x_wconf 87' lang='lat' dir='ltr'><strong>hyperbolice</strong></span> <span class='ocrx_word' id='word_1_226' title='bbox 887 2546 985 2580; x_wconf 89' lang='lat' dir='ltr'><strong>dicit.</strong></span> 
     </span>
    </p>

    <p class='ocr_par' dir='ltr' id='par_1_18' title="bbox 513 2596 1188 2687">
     <span class='ocr_line' id='line_1_47' title="bbox 566 2596 1186 2634; baseline 0.005 -4"><span class='ocrx_word' id='word_1_227' title='bbox 566 2596 600 2631; x_wconf 77' lang='lat'><strong>5.</strong></span> <span class='ocrx_word' id='word_1_228' title='bbox 624 2599 662 2631; x_wconf 82' lang='lat' dir='ltr'><strong>In</strong></span> <span class='ocrx_word' id='word_1_229' title='bbox 691 2600 816 2633; x_wconf 79' lang='lat' dir='ltr'><strong>thermis</strong></span> <span class='ocrx_word' id='word_1_230' title='bbox 848 2600 1050 2634; x_wconf 69' lang='lat' dir='ltr'><strong>Neronianis.</strong></span> <span class='ocrx_word' id='word_1_231' title='bbox 1082 2601 1186 2633; x_wconf 74' lang='lat' dir='ltr'><strong>Erant</strong></span> 
     </span>
     <span class='ocr_line' id='line_1_48' title="bbox 513 2650 1188 2687; baseline 0.007 -6"><span class='ocrx_word' id='word_1_232' title='bbox 513 2650 654 2684; x_wconf 72' lang='lat' dir='ltr'><strong>thermae</strong></span> <span class='ocrx_word' id='word_1_233' title='bbox 672 2652 880 2687; x_wconf 72' lang='lat' dir='ltr'><strong>Neronianae</strong></span> <span class='ocrx_word' id='word_1_234' title='bbox 892 2667 999 2687; x_wconf 86' lang='lat' dir='ltr'><strong>unum</strong></span> <span class='ocrx_word' id='word_1_235' title='bbox 1015 2667 1054 2686; x_wconf 76' lang='lat' dir='ltr'><strong>ex</strong></span> <span class='ocrx_word' id='word_1_236' title='bbox 1069 2654 1188 2686; x_wconf 58' lang='lat' dir='ltr'><strong>vastis-</strong></span> 
     </span>
    </p>
   </div>
   <div class='ocr_carea' id='block_1_11' title="bbox 1249 2227 1930 2697">
    <p class='ocr_par' dir='ltr' id='par_1_19' title="bbox 1249 2227 1930 2580">
     <span class='ocr_line' id='line_1_49' title="bbox 1251 2227 1928 2275; baseline 0.001 -14"><span class='ocrx_word' id='word_1_237' title='bbox 1251 2229 1364 2270; x_wconf 84' lang='lat' dir='ltr'><strong>simis,</strong></span> <span class='ocrx_word' id='word_1_238' title='bbox 1382 2237 1485 2275; x_wconf 75' lang='lat' dir='ltr'><strong>atque</strong></span> <span class='ocrx_word' id='word_1_239' title='bbox 1499 2227 1791 2275; x_wconf 84' lang='lat' dir='ltr'><strong>splendidissimis</strong></span> <span class='ocrx_word' id='word_1_240' title='bbox 1809 2229 1928 2262; x_wconf 80' lang='lat' dir='ltr'><strong>Romae</strong></span> 
     </span>
     <span class='ocr_line' id='line_1_50' title="bbox 1250 2279 1926 2327; baseline -0.001 -12"><span class='ocrx_word' id='word_1_241' title='bbox 1250 2280 1416 2315; x_wconf 81' lang='lat' dir='ltr'><strong>aedificiis.</strong></span> <span class='ocrx_word' id='word_1_242' title='bbox 1433 2281 1518 2315; x_wconf 90' lang='lat' dir='ltr'><strong>Vid.</strong></span> <span class='ocrx_word' id='word_1_243' title='bbox 1543 2294 1622 2327; x_wconf 85' lang='lat' dir='ltr'><strong>quae</strong></span> <span class='ocrx_word' id='word_1_244' title='bbox 1650 2280 1694 2314; x_wconf 90' lang='lat' dir='ltr'><strong>de</strong></span> <span class='ocrx_word' id='word_1_245' title='bbox 1720 2281 1774 2314; x_wconf 85' lang='lat' dir='ltr'><strong>his</strong></span> <span class='ocrx_word' id='word_1_246' title='bbox 1799 2279 1843 2314; x_wconf 90' lang='lat' dir='ltr'><strong>ad</strong></span> <span class='ocrx_word' id='word_1_247' title='bbox 1865 2281 1926 2314; x_wconf 90' lang='lat' dir='ltr'><strong>lib.</strong></span> 
     </span>
     <span class='ocr_line' id='line_1_51' title="bbox 1249 2334 1926 2380; baseline -0.001 -12"><span class='ocrx_word' id='word_1_248' title='bbox 1249 2336 1304 2376; x_wconf 90' lang='lat' dir='ltr'><strong>II,</strong></span> <span class='ocrx_word' id='word_1_249' title='bbox 1327 2335 1440 2380; x_wconf 83' lang='lat' dir='ltr'><strong>epigr.</strong></span> <span class='ocrx_word' id='word_1_250' title='bbox 1462 2346 1600 2375; x_wconf 77' lang='lat' dir='ltr'>va1113</span> <span class='ocrx_word' id='word_1_251' title='bbox 1627 2334 1688 2367; x_wconf 91' lang='lat' dir='ltr'><strong>lib.</strong></span> <span class='ocrx_word' id='word_1_252' title='bbox 1719 2335 1792 2376; x_wconf 90' lang='grc' dir='ltr'>ΙΙΙ,</span> <span class='ocrx_word' id='word_1_253' title='bbox 1818 2334 1926 2380; x_wconf 85' lang='lat' dir='ltr'><strong>epigr.</strong></span> 
     </span>
     <span class='ocr_line' id='line_1_52' title="bbox 1250 2387 1930 2433; baseline 0 -13"><span class='ocrx_word' id='word_1_254' title='bbox 1250 2400 1336 2429; x_wconf 80' lang='lat' dir='ltr'>xxv3</span> <span class='ocrx_word' id='word_1_255' title='bbox 1356 2387 1512 2428; x_wconf 89' lang='lat' dir='ltr'><strong>lib.VII,</strong></span> <span class='ocrx_word' id='word_1_256' title='bbox 1526 2387 1635 2433; x_wconf 79' lang='lat' dir='ltr'><strong>epigr.</strong></span> <span class='ocrx_word' id='word_1_257' title='bbox 1658 2399 1774 2427; x_wconf 78' lang='lat' dir='ltr'>xxx1v,</span> <span class='ocrx_word' id='word_1_258' title='bbox 1796 2387 1930 2420; x_wconf 79' lang='lat' dir='ltr'><strong>notavi-</strong></span> 
     </span>
     <span class='ocr_line' id='line_1_53' title="bbox 1251 2439 1928 2486; baseline -0.001 -13"><span class='ocrx_word' id='word_1_259' title='bbox 1251 2453 1338 2473; x_wconf 88' lang='lat' dir='ltr'><strong>mus.</strong></span> <span class='ocrx_word' id='word_1_260' title='bbox 1373 2440 1601 2474; x_wconf 85' lang='lat' dir='ltr'><strong>Pulchriores</strong></span> <span class='ocrx_word' id='word_1_261' title='bbox 1633 2448 1749 2473; x_wconf 81' lang='lat' dir='ltr'><strong>tamen</strong></span> <span class='ocrx_word' id='word_1_262' title='bbox 1784 2439 1928 2486; x_wconf 77' lang='lat' dir='ltr'><strong>posthac</strong></span> 
     </span>
     <span class='ocr_line' id='line_1_54' title="bbox 1250 2492 1928 2534; baseline 0 -8"><span class='ocrx_word' id='word_1_263' title='bbox 1250 2492 1488 2533; x_wconf 82' lang='lat' dir='ltr'><strong>Domitianus,</strong></span> <span class='ocrx_word' id='word_1_264' title='bbox 1518 2493 1691 2527; x_wconf 79' lang='lat' dir='ltr'><strong>Caracalla</strong></span> <span class='ocrx_word' id='word_1_265' title='bbox 1706 2519 1715 2534; x_wconf 93' lang='lat'>‚</span> <span class='ocrx_word' id='word_1_266' title='bbox 1739 2492 1928 2526; x_wconf 82' lang='lat' dir='ltr'><strong>Diocletia-</strong></span> 
     </span>
     <span class='ocr_line' id='line_1_55' title="bbox 1250 2555 1548 2580; baseline -0.003 0"><span class='ocrx_word' id='word_1_267' title='bbox 1250 2560 1316 2580; x_wconf 87' lang='lat' dir='ltr'><strong>nus</strong></span> <span class='ocrx_word' id='word_1_268' title='bbox 1338 2555 1548 2580; x_wconf 81' lang='lat' dir='ltr'><strong>exstruxere.</strong></span> 
     </span>
    </p>

    <p class='ocr_par' dir='ltr' id='par_1_20' title="bbox 1251 2598 1928 2697">
     <span class='ocr_line' id='line_1_56' title="bbox 1305 2598 1928 2644; baseline -0.002 -12"><span class='ocrx_word' id='word_1_269' title='bbox 1305 2603 1338 2632; x_wconf 67' lang='grc' dir='ltr'><strong>(ἱ.</strong></span> <span class='ocrx_word' id='word_1_270' title='bbox 1364 2600 1480 2632; x_wconf 74' lang='lat' dir='ltr'><strong>Tacere</strong></span> <span class='ocrx_word' id='word_1_271' title='bbox 1501 2601 1604 2644; x_wconf 65' lang='lat' dir='ltr'><strong>coepit.</strong></span> <span class='ocrx_word' id='word_1_272' title='bbox 1623 2599 1713 2640; x_wconf 85' lang='lat' dir='ltr'><strong>Quia</strong></span> <span class='ocrx_word' id='word_1_273' title='bbox 1734 2610 1859 2643; x_wconf 83' lang='lat' dir='ltr'><strong>nempe</strong></span> <span class='ocrx_word' id='word_1_274' title='bbox 1882 2598 1928 2631; x_wconf 79' lang='lat' dir='ltr'><strong>fa-</strong></span> 
     </span>
     <span class='ocr_line' id='line_1_57' title="bbox 1251 2652 1767 2697; baseline -0.006 -10"><span class='ocrx_word' id='word_1_275' title='bbox 1251 2661 1325 2687; x_wconf 73' lang='lat' dir='ltr'><strong>ctus</strong></span> <span class='ocrx_word' id='word_1_276' title='bbox 1349 2661 1381 2686; x_wconf 76' lang='lat' dir='ltr'><strong>et</strong></span> <span class='ocrx_word' id='word_1_277' title='bbox 1405 2653 1478 2697; x_wconf 77' lang='lat' dir='ltr'><strong>ipse</strong></span> <span class='ocrx_word' id='word_1_278' title='bbox 1500 2661 1549 2686; x_wconf 81' lang='lat' dir='ltr'><strong>est</strong></span> <span class='ocrx_word' id='word_1_279' title='bbox 1573 2652 1767 2686; x_wconf 78' lang='lat' dir='ltr'><strong>herniosus.</strong></span> 
     </span>
    </p>
   </div>
  </div>
 </body>
</html>
