2044 3292
537 251 601 311 98
895 250 955 292 M.
995 249 1136 292 VAL.
1178 248 1565 293 MARTIAms

1146 400 1336 456 XIII.

1141 535 1337 585 uersa*

605 681 676 725 UT
699 680 872 741 sapiant
891 677 1021 722 fatuae
1045 677 1269 722 fabrorum
1296 678 1478 739 prandia
1498 679 1630 732 betae,

674 753 714 794 Ο
747 765 878 811 quani
911 765 1025 810 saepe
1051 757 1171 810 petet
1203 750 1300 793 vina
1330 749 1540 811 piperque
1568 748 1756 812 coquus!

603 868 706 942 ὄφρ’
735 878 781 940 ἦ,
807 881 1018 927 τεκτονικὴ
1046 873 1159 933 δαὶς,
1187 881 1343 939 εὕςομα
1371 884 1543 935 τεῦτλα,
1573 880 1758 942 μάγειρος

669 951 875 1001 Ποσσοίκις
906 949 1060 998 αἰτήσει
1086 949 1154 993 καὶ
1179 949 1276 1010 μέθυ
1302 950 1368 994 καὶ
1394 948 1562 1011 πέπεριὶ

581 1079 596 1093 ¹
613 1084 654 1116 In
669 1082 723 1115 his
737 1094 814 1128 quae
829 1080 1036 1128 praecedunt
1049 1089 1084 1115 et
1098 1081 1209 1115 libelli

530 1136 670 1170 initium
692 1135 851 1169 efficiunt
874 1134 1183 1181 epigrammatibus
1198 1161 1208 1176 ,

529 1190 747 1223 enumeravit
767 1196 870 1235 poeta
886 1195 1004 1222 noster
1024 1188 1210 1234 plerasque

529 1244 667 1288 frugeS‚
687 1241 832 1282 farinas,
857 1241 1033 1274 frumenta
1065 1248 1099 1274 et
1132 1253 1209 1286 quae

530 1308 593 1329 nos
602 1295 724 1341 gallice
739 1295 872 1328 cdre'ales
885 1294 1116 1340 appellamus,
1129 1305 1209 1327 cum

530 1348 754 1383 aromatibus.
773 1347 914 1381 Transit
935 1359 1032 1381 nunc
1050 1345 1094 1380 ad
1110 1347 1208 1392 legu-

529 1402 642 1443 mina,
664 1409 699 1435 et
718 1401 809 1437 circa
821 1401 895 1434 haec
909 1412 973 1446 per
990 1412 1117 1434 novem
1133 1401 1208 1446 epi-

528 1462 720 1500 grammata
740 1453 845 1488 ludit.
865 1454 933 1487 En.

581 1529 634 1536 -
652 1508 794 1541 Nullam
812 1508 849 1540 in
870 1507 938 1541 hoc
959 1506 1208 1553 epigrammate

526 1559 715 1595 scribendo
729 1561 931 1594 varietatem
944 1559 1102 1606 produnt
1114 1560 1208 1601 libri,

528 1614 602 1648 sive
631 1613 883 1660 manuscripti,
912 1613 984 1648 sive
1012 1613 1122 1659 praelo
1148 1625 1207 1647 ex-

529 1667 614 1701 cusi.

588 1733 603 1754 1
613 1747 621 1755 .
637 1720 670 1754 U
671 1728 682 1753 t
692 1722 829 1766 sapiant.
847 1720 924 1753 Hoc
935 1727 985 1753 est
996 1745 1005 1761 ,
1018 1727 1059 1752 ut
1073 1719 1207 1765 saporis

530 1772 700 1819 quiddam
714 1774 866 1807 habeant
876 1798 886 1814 ,
897 1781 931 1806 et
943 1771 1079 1806 edentis
1090 1773 1206 1818 gulam

528 1827 719 1861 leviuscule
735 1827 855 1861 saltem
869 1826 1061 1860 stimulent.
1077 1825 1207 1871 Insipi-

528 1879 582 1914 dae
595 1881 728 1926 quippe
737 1888 818 1914 sunt
826 1880 933 1922 betae,
945 1879 1013 1912 nisi
1025 1879 1115 1912 bene
1127 1891 1207 1913 con-

528 1932 788 1967 diantur.-—-Et
803 1931 948 1978 quidem
963 1932 1010 1966 ita
1027 1930 1205 1977 insipidae,

528 1995 567 2021 ut
596 1987 762 2020 usitatum
790 1986 921 2020 Graecis
953 1986 1060 2019 fuerit
1087 1984 1206 2020 dicere

527 2052 595 2085 pro
610 2040 722 2081 stulta,
734 2040 831 2083 fatua
844 2066 855 2080 ‚
879 2052 965 2071 vana
983 2039 1126 2083 effutire,
1145 2039 1204 2080 βη-

527 2094 822 2138 riCew.Diogenes
836 2092 992 2138 Cynicus
1009 2091 1142 2125 solebat
1155 2089 1206 2125 di-

526 2157 629 2180 cere:
652 2163 665 2176 ·
684 2146 788 2180 Canis
805 2158 878 2179 non
904 2145 1060 2179 vescitur
1079 2145 1171 2179 beta.
1185 2161 1198 2174 a

527 2200 608 2241 Quo
622 2198 770 2233 dicterio
789 2212 862 2232 non
877 2198 983 2232 vilem
998 2205 1034 2232 et
1051 2198 1134 2244 ipsis
1147 2210 1204 2232 ca·

527 2253 632 2286 nibus
642 2260 793 2298 spretam
804 2253 920 2285 betam
930 2250 1107 2285 indicabat
1117 2276 1126 2292 ‚
1143 2249 1203 2284 sed

526 2306 656 2339 nullius
670 2305 814 2351 saporis,
825 2305 923 2351 quasi
934 2303 1078 2338 dixisset
1091 2315 1099 2338 :
1114 2321 1127 2334 α
1137 2304 1204 2349 Cy-

526 2359 648 2392 nicum
673 2355 812 2397 (eadem
838 2370 967 2403 nempe
998 2370 1083 2391 voce
1109 2357 1203 2391 canis

526 2420 561 2445 et
585 2412 738 2458 Cynicus
762 2411 868 2445 latine
887 2436 897 2453 ‚
930 2422 1039 2456 graece
1065 2411 1201 2449 Κυνικὸς

524 2467 688 2510 φιλόσοφος
707 2473 742 2498 et
756 2462 857 2504 κύων)
875 2476 948 2497 non
973 2463 1097 2497 decent
1124 2475 1202 2508 quae

525 2518 599 2551 sine
621 2518 779 2551 acumine
799 2525 834 2550 et
851 2517 886 2551 vi
907 2516 1023 2550 edulia
1042 2524 1133 2549 sunt.
1156 2515 1199 2549 Id

524 2579 638 2604 autem
669 2579 850 2616 sumptum
887 2583 905 2603 a
939 2570 1091 2615 maligno
1122 2569 1199 2602 viro

524 2625 750 2669 ἀλληγορικῶς,
772 2632 810 2657 ut
832 2624 935 2657 stulta
957 2632 992 2657 et
1013 2635 1100 2656 vana
1124 2634 1198 2656 res—

522 2676 662 2722 puenda
697 2677 876 2722 discipulis
919 2677 988 2711 suis
1022 2676 1194 2710 innueret.

1268 1082 1443 1116 Caeterum
1461 1082 1508 1116 de
1528 1083 1609 1116 beta
1624 1082 1678 1116 vel
1699 1082 1776 1116 alba
1794 1083 1849 1116 vel
1867 1095 1944 1117 san-

1267 1134 1397 1180 guinea
1423 1134 1504 1169 vide
1525 1134 1754 1169 disserentem
1771 1136 1942 1170 Joannem

1267 1188 1508 1234 Bruyerinum
1527 1188 1588 1222 lib.
1612 1189 1722 1230 VIII,
1736 1201 1813 1235 cap.
1837 1190 1871 1224 8.
1893 1211 1944 1216 —

1267 1241 1447 1274 Fabromm
1473 1242 1624 1287 prandia.
1646 1241 1776 1276 Fabros
1796 1242 1855 1276 hic
1878 1255 1942 1275 no-

1267 1294 1378 1328 minat
1396 1303 1437 1329 ut
1454 1294 1628 1329 artificum
1652 1294 1867 1329 miserrimos
1879 1321 1890 1338 ,
1908 1303 1942 1329 et

1267 1347 1533 1393 pauperrimum
1558 1359 1732 1393 quemque
1757 1360 1800 1382 ex
1823 1348 1942 1382 infima

1267 1400 1382 1445 plebe.
1403 1400 1508 1435 Unde
1526 1413 1645 1435 sensus
1663 1401 1721 1434 hic
1743 1409 1813 1439 est,
1844 1401 1942 1435 cibus

1266 1453 1372 1487 vilior
1387 1462 1423 1488 et
1440 1454 1563 1487 levior.
1584 1454 1743 1500 Namque
1758 1455 1840 1489 beta
1859 1455 1942 1488 hor-

1266 1507 1418 1542 tensium
1453 1507 1627 1541 levissima
1665 1505 1736 1549 est',
1776 1509 1917 1542 τεύτλων
1930 1534 1940 1550 ,

1265 1563 1408 1602 τεῦτλον,
1420 1568 1455 1594 et
1472 1559 1641 1595 ditiorum
1660 1560 1804 1603 mensis,
1821 1561 1852 1595 si
1867 1560 1942 1595 sine

1265 1612 1512 1656 condimento,
1530 1614 1647 1647 minus
1658 1614 1818 1660 apposita
1836 1626 1940 1661 quam

1263 1666 1486 1712 plebeiorum
1518 1666 1701 1700 hominum
1739 1675 1774 1701 et
1802 1667 1940 1701 tenuio-

1264 1732 1356 1753 rum.
1377 1719 1484 1754 Unde
1510 1720 1666 1759 Persius,
1692 1724 1760 1754 Sat.
1785 1721 1862 1763 ΙΙΙ,
1889 1733 1938 1754 vs.

1270 1784 1284 1805 1
1297 1773 1339 1806 13
1370 1781 1405 1806 et
1425 1786 1439 1807 1
1452 1777 1496 1815 14
1515 1786 1527 1807 :
1546 1788 1560 1801 «ι
1578 1782 1700 1807 tenero
1725 1773 1810 1807 latet
1839 1773 1940 1807 ulcus

1265 1825 1301 1858 in
1328 1838 1389 1860 ore
1423 1827 1552 1868 Putre,
1573 1825 1670 1873 quod
1697 1825 1793 1860 haud
1819 1825 1940 1861 deceat

1263 1878 1400 1924 plebeia
1429 1878 1552 1913 radere
1575 1880 1666 1914 beta.
1684 1897 1697 1909 υ
1724 1883 1765 1912 Et
1789 1878 1938 1925 Sympo-

1262 1931 1352 1971 sius,
1383 1932 1535 1978 AEnigm.
1562 1933 1627 1973 IV,
1648 1933 1783 1978 jocatus
1804 1933 1842 1966 in
1873 1945 1938 1966 no-

1263 1996 1345 2018 men
1365 1986 1454 2027 βῆτα
1471 1985 1639 2031 legumini
1656 1985 1760 2019 simul
1776 1993 1812 2019 et
1828 1985 1938 2020 literae

1263 2050 1450 2071 commune
1475 2051 1483 2071 ε
1513 2055 1526 2068 α
1544 2039 1633 2072 Tota
1663 2050 1772 2072 vocor
1804 2050 1934 2084 graece,

1262 2089 1323 2124 sed
1344 2103 1416 2124 non
1434 2102 1513 2125 sum
1541 2098 1613 2125 tota
1638 2091 1745 2125 latine
1765 2103 1774 2125 :
1798 2092 1935 2138 Paupe-

1261 2144 1359 2177 ribus
1375 2156 1512 2191 semper
1526 2156 1707 2190 proponor
1718 2156 1870 2190 namque
1885 2153 1935 2179 ta-

1261 2197 1390 2231 bernis.
1402 2215 1418 2227 >›

1319 2263 1350 2284 2.
1368 2251 1460 2296 Soepe
1484 2252 1567 2296 petit
1590 2252 1680 2284 vina.
1709 2250 1858 2285 Affectat
1881 2251 1934 2285 vi-

1261 2315 1346 2337 num
1360 2304 1437 2337 heta
1450 2329 1460 2346 ,
1479 2312 1513 2338 et
1532 2304 1647 2337 betam
1661 2303 1785 2337 vinum
1798 2316 1807 2345 ;
1825 2302 1935 2338 odore

1261 2357 1354 2390 enim
1384 2357 1497 2396 betae,
1523 2357 1614 2390 foliis
1644 2357 1681 2389 in
1709 2355 1845 2390 dolium
1873 2355 1933 2391 de-

1259 2410 1405 2450 mersis,
1426 2410 1548 2443 vinum
1574 2410 1772 2443 restituitur
1799 2418 1839 2443 ut
1863 2417 1933 2444 tra·

1260 2461 1313 2496 dit
1330 2463 1483 2503 Plinius,
1506 2462 1542 2495 in
1563 2462 1624 2496 lib.
1650 2463 1738 2496 XIX
1755 2488 1765 2504 ,
1793 2475 1870 2509 cap.
1895 2465 1931 2498 8.

1260 2514 1345 2548 Vid.
1366 2524 1525 2560 preterea
1543 2514 1587 2549 de
1606 2516 1674 2549 hoc
1695 2516 1856 2561 Apicius,
1870 2516 1930 2550 lib.

1259 2569 1333 2610 III,
1353 2581 1427 2614 cap.
1444 2582 1464 2614 9
1476 2594 1485 2608 ,
1503 2569 1565 2614 qui
1579 2577 1692 2603 tamen
1705 2568 1749 2602 ad
1763 2568 1930 2603 condien-

1257 2620 1339 2655 dam
1367 2623 1482 2655 hetam
1513 2634 1579 2655 nec
1600 2622 1748 2667 piperis,
1770 2634 1837 2656 nec
1858 2622 1931 2656 vini

1256 2675 1472 2709 mentionem
1492 2675 1583 2709 facit.
1605 2674 1719 2708 Rader.
