1901 3259
352 236 913 280 EPIGRAMMATUM
952 234 1073 277 LIB.
1113 234 1262 276 XIII.

965 107 971 126 1

1421 247 1502 276 ΙΙΙ

672 383 954 441 XXXV.

640 517 977 568 LUCANICA.*

175 663 309 706 F1L1A
340 663 508 707 Picenoe
536 663 663 707 venio
689 663 912 707 Lucanica
939 677 1109 722 porcae3

242 731 439 778 Pultibus
462 733 566 777 hinc
589 734 727 777 niveis
754 741 877 795 grata
899 747 1063 777 corona
1084 731 1223 776 datur.

173 850 349 900 Πικηνῆς
371 848 497 900 ἀλλὰς
518 849 765 910 γρομφαίνης
790 848 869 909 εἰμὶ
889 848 1090 910 γένεθλον,

240 921 419 971 Χιονέοις
445 924 609 970 πολτοῖς
633 921 773 980 ςέμμα
800 913 1078 979 δοθησόμενος.

153 1036 166 1051 “
187 1041 355 1074 Lucanica)
382 1038 464 1074 edd.
499 1048 581 1075 vett.
613 1053 699 1087 quas
720 1052 773 1075 se-

98 1093 218 1139 quitur
234 1091 289 1127 ed.
304 1093 406 1127 Barb.

154 1159 187 1180 1.
207 1147 295 1180 Filia
310 1147 457 1188 Picenoe,
473 1154 538 1181 etc.
556 1145 737 1180 Farcimen
755 1158 773 1180 e

96 1198 243 1233 concisis
258 1198 421 1233 carnibus
436 1211 553 1245 porcae
569 1199 605 1233 in
620 1212 702 1245 agro
718 1199 776 1233 Pi-

95 1253 238 1286 centino
261 1251 457 1286 natae.Vid.
481 1251 543 1285 lib.
569 1253 637 1293 IV,
662 1252 770 1298 epigr.

96 1317 253 1347 va¹,vs.
274 1307 308 1347 8,
321 1314 355 1339 et
365 1305 477 1347 lib.V‚
489 1305 602 1351 epigr.
622 1318 772 1340 Lxxvnl.

96 1358 153 1392 Cf.
172 1358 275 1391 etiam
293 1357 338 1392 de
355 1358 397 1392 iis
413 1358 487 1392 fuse
499 1357 672 1393 disserens
687 1358 770 1404 Api-

93 1410 168 1444 cius
197 1411 257 1444 lib.
290 1412 343 1454 II,
366 1424 441 1457 cap.
473 1414 494 1446 6
521 1419 607 1445 toto.
637 1412 770 1445 Tribus

94 1464 178 1498 locis
194 1464 298 1498 etiam
312 1464 500 1499 Athenaeus
516 1462 560 1499 de
575 1464 769 1507 Lucanicis,

832 1052 918 1086 quas
941 1047 976 1073 et
998 1038 1093 1073 isicia
1117 1037 1214 1072 dicit.
1230 1039 1437 1085 Quanquam
1462 1040 1510 1074 vi-

831 1092 938 1127 detur
963 1091 1024 1126 has
1049 1092 1094 1126 ab
1127 1091 1196 1125 illis
1217 1092 1405 1137 sejunxisse
1428 1093 1508 1139 Api-

832 1146 906 1180 cius
918 1171 928 1188 ,
946 1145 1007 1179 lib.
1025 1145 1076 1184 ΙΙ,
1101 1156 1177 1190 cap.
1197 1157 1228 1178 1.

889 1212 922 1233 2.
944 1197 1042 1232 cibat
1061 1210 1126 1243 pro
1146 1197 1243 1230 datm·
1269 1199 1344 1231 cod.
1372 1198 1505 1232 Beverl.

832 1259 866 1285 et
881 1249 958 1285 cod.
977 1251 1013 1284 in
1026 1263 1137 1297 marg.
1156 1249 1212 1284 ed.
1232 1251 1310 1284 Par.
1336 1253 1506 1295 1617.-

832 1303 997 1343 Pultibus,
1020 1312 1086 1338 etc.
1099 1304 1188 1338 Oras
1203 1304 1331 1349 patinae
1346 1304 1506 1338 habentis

831 1358 968 1404 pultem
986 1370 1028 1391 ex
1041 1357 1157 1391 tritico
1174 1355 1357 1390 candidam
1375 1368 1456 1402 ergo
1472 1365 1506 1391 et

829 1411 968 1444 niveam
995 1418 1036 1444 ut
1056 1410 1230 1451 triticum,
1251 1410 1369 1455 cingit.
1392 1409 1447 1443 Sic
1471 1417 1506 1443 et

828 1462 936 1498 hodie
956 1462 1001 1498 ad
1022 1463 1208 1498 brassicam
1229 1471 1468 1510 apponuntur.

644 1601 966 1657 XXXVI.

703 1736 889 1786 OL1VAE.*

165 1867 292 1922 ΗΜ),
312 1881 408 1926 quae
429 1865 596 1909 Picenis
620 1865 739 1908 venit
760 1862 973 1907 subducta
997 1864 1197 1923 trapetis,

231 1936 439 1991 Inchoat,
467 1945 596 1996 atque
617 1933 769 1979 eadem
797 1934 893 1978 finit
918 1932 1032 1978 oliva
1057 1933 1202 1994 dapes.

160 2054 337 2100 Πικηνοῦ
365 2058 583 2112 τριπτῆρος
608 2050 942 2111 ὑπεκκλεφθεῖσα,
968 2050 1035 2094 καὶ
1056 2051 1158 2111 ἀρχὴ

229 2114 266 2166 H
289 2123 389 2167 ἐλάα
411 2118 579 2176 δαιτὸς,
606 2122 674 2166 καὶ
697 2123 812 2173 τέλος
835 2123 936 2170 αὐτ-ἠ
960 2123 1045 2181 ἔφυ.

140 2237 155 2252 ’
178 2242 310 2277 Cistella
335 2243 486 2276 olivarum
514 2241 590 2276 MS.
625 2242 761 2275 Beverl.

88 2304 121 2329 et
142 2294 198 2329 ed.
218 2295 318 2329 Barb.
341 2317 392 2322 ——
415 2295 526 2329 Olivae
549 2307 679 2328 nomen
713 2302 765 2328 est

87 2360 272 2382 commune
293 2357 328 2383 et
349 2348 465 2382 arbori
490 2360 557 2394 qua
578 2348 690 2382 baccae
711 2348 762 2381 fe-

86 2409 213 2435 runtur
226 2410 260 2434 et
275 2402 356 2447 ipsis
373 2401 505 2441 baccis,
524 2413 600 2447 quae
617 2400 761 2447 proprio

86 2454 195 2500 magis
229 2454 372 2488 nomine
402 2453 626 2500 colymbades
655 2453 760 2487 dicti-

87 2515 216 2541 tantur.
254 2507 497 2548 Dioscorides,
530 2507 592 2541 lib.
622 2508 660 2549 I,
683 2519 760 2553 cap.

92 2560 176 2595 138.
197 2561 249 2593 De
273 2560 397 2593 arbore
421 2560 577 2601 Plinius,
598 2560 658 2595 lib.
679 2560 760 2602 XV,

85 2612 130 2646 de
168 2613 299 2647 satione
335 2621 368 2646 et
406 2612 508 2646 cultu'
542 2612 734 2646 Columella
748 2638 758 2653 ,

86 2666 191 2706 Cam,
210 2664 394 2700 Palladius.
416 2665 482 2699 Hic
501 2677 583 2699 vero
603 2673 699 2711 patet
718 2664 762 2699 de

822 2240 939 2275 baccis
955 2240 1128 2274 olivarum
1139 2239 1210 2285 agi,
1227 2251 1298 2272 non
1311 2238 1355 2272 (le
1365 2239 1497 2272 arbore.

881 2309 910 2328 1.
934 2294 1109 2328 Subducta.
1130 2293 1208 2327 Hoc
1231 2301 1282 2326 est
1296 2318 1306 2333 ‚
1335 2293 1425 2325 oliva
1446 2292 1499 2325 in-

823 2355 939 2393 tegra,
965 2360 1008 2381 ex
1035 2359 1103 2393 qua
1133 2346 1263 2380 scilicet
1286 2345 1401 2378 oleum
1426 2357 1497 2378 non

821 2408 872 2434 est
901 2412 1113 2446 expressum.
1132 2399 1211 2432 Lib.
1235 2399 1271 2439 Ι,
1295 2399 1495 2444 epigramm.

822 2465 928 2494 xmv,
954 2456 1004 2488 8:
1033 2453 1128 2487 «Nec
1161 2451 1205 2485 de
1235 2451 1373 2484 Picenis
1401 2451 1498 2484 venit

822 2506 914 2540 oliva
938 2505 1044 2540 cadis,
1065 2522 1078 2535 n

876 2573 909 2593 2.
932 2560 1076 2593 Inchoat.
1098 2558 1148 2591 Ut
1171 2556 1237 2591 cibi
1261 2555 1495 2601 appetentiam

821 2612 954 2646 incitet.
978 2611 1033 2645 Sic
1055 2618 1090 2644 et
1107 2608 1204 2655 apud
1226 2621 1289 2642 nos
1310 2607 1427 2642 hodie.
1444 2629 1494 2634 --

823 2665 925 2698 Finit.
945 2665 995 2698 Ut
1016 2661 1194 2698 fastidium
1212 2668 1336 2696 arceat.
