1901 3259
335 216 925 260 EPIGRAMMATUM
964 216 1088 258 LIB.
1128 215 1271 284 XIV&

1414 228 1504 273 ¹99

677 375 680 376 ’
738 368 862 424 LX.

619 503 988 552 LOMENTUM.*

164 648 374 692 GRATUM
406 663 564 691 munus
591 649 696 702 erit,
727 648 858 691 scisso
890 664 970 691 nec
1002 646 1150 691 inutile
1178 649 1346 699 ventri.

232 717 274 761 Si
305 716 420 765 clara
453 717 663 778 Stephani
692 717 846 761 balnea
880 718 976 761 luce
1004 727 1134 779 petes.

168 862 303 918 Δῶρον
328 856 373 902 ἂν
393 854 472 907 ἡδὺ
488 856 654 915 istm,
675 854 879 918 ῥυτίδεσσί
899 877 943 902 τε
965 861 1113 921 γαςρὸς
1135 861 1277 920 ἀρηρὸς

234 929 304 980 Εἰς
332 931 538 984 βαλανεῖον
565 930 662 972 ἰοῦσ’
689 930 817 989 ἤματι
843 929 1061 989 μεσσατίῳ.

148 1064 161 1078 '¹
180 1069 373 1102 Lomentum.
396 1068 504 1110 Quod
531 1082 656 1115 nempe
677 1070 772 1114 rugis

95 1120 185 1154 uteri
214 1119 408 1155 condendis
434 1122 657 1157 inserviebat.
677 1121 770 1155 Vide

95 1174 156 1207 lib.
175 1174 231 1207 III
245 1200 254 1217 ‚
269 1175 380 1220 epigr.
396 1187 474 1208 XLII
485 1201 496 1216 ‚
515 1187 529 1208 1
547 1187 556 1209 :
576 1175 770 1209 «Lomento

96 1239 199 1271 rugas
222 1228 313 1261 uteri
340 1227 427 1274 quid
456 1227 611 1262 condere
632 1236 743 1262 tentas
758 1255 767 1267 ,

96 1279 194 1313 Polla
217 1296 230 1309 a
247 1306 256 1323 ‚
276 1288 342 1314 etc.
372 1282 425 1314 De
445 1281 578 1315 balneis
601 1281 769 1327 Stephani

831 1072 898 1114 jam
928 1068 1062 1103 dictum
1086 1078 1137 1103 est
1164 1069 1208 1103 ad
1236 1070 1316 1103 libri
1352 1069 1404 1102 XI
1433 1071 1508 1115 epi·

830 1134 985 1167 gramma
1007 1133 1091 1156 L111.

886 1187 919 1210 «ι.
939 1176 1037 1208 Petas
1058 1174 1136 1208 cod.
1159 1174 1234 1209 MS.
1260 1176 1296 1208 iu
1320 1187 1428 1221 marg.
1449 1175 1504 1209 ed.

830 1228 907 1262 Par.
942 1232 1049 1272 1617.
1071 1227 1129 1262 Sic
1153 1228 1239 1262 alios
1264 1236 1432 1273 praeterea
1464 1230 1512 1262 le-

831 1293 912 1325 gere
943 1289 1041 1314 notat
1059 1280 1173 1315 editor
1188 1281 1313 1326 Delph.

718 1417 877 1472 LXI.

1055 1553 1072 1569 «ιι

522 1574 769 1603 LATERNA
809 1574 1033 1602 CORNEA.

165 1701 272 1743 Dux
292 1698 460 1742 laterna
480 1700 558 1742 viae
579 1697 734 1742 clausis
756 1698 873 1741 feror
892 1713 1024 1741 aurea
1044 1697 1228 1741 flammis
1241 1734 1250 1744 .

238 1771 293 1813 Et
318 1778 412 1813 tuta
438 1779 501 1813 est
527 1769 693 1829 gremio
724 1783 857 1829 parva
885 1766 1061 1812 lucerna
1087 1784 1196 1811 meo.

167 1912 295 1961 Φανὸς
319 1906 466 1972 ὁδηγὸς
493 1914 570 1970 ἔχω
600 1912 670 1971 μὲν
697 1916 777 1970 φῶς
805 1912 1036 1969 ἔμφρουροψ
1065 1914 1146 1969 ἐμῷ
1175 1905 1230 1951 δὲ.

239 1970 358 2041 Ιῖρκεϊ
379 1986 560 2039 τηρεῖται
581 1981 742 2041 λυχνίον
768 1982 988 2039 ἀσφαλέως.

153 2114 166 2127 '¹
199 2117 346 2149 Laterna.
377 2118 434 2150 Sic
465 2118 644 2150 nominata
679 2129 696 2149 a
723 2118 772 2149 la-

99 2168 229 2210 tendo,
256 2168 354 2214 quod
391 2169 487 2202 intus
522 2171 625 2203 lateat
659 2170 773 2203 clausa

100 2222 246 2256 flamma.
258 2222 391 2256 Gallice
403 2235 468 2256 nos
477 2223 558 2256 satis
571 2223 673 2256 simili
685 2235 773 2256 voce

99 2275 312 2320 appellamus
342 2276 509 2309 Lanterna.
541 2276 621 2309 Non
650 2288 770 2309 omnes

99 2340 233 2361 corneae
250 2337 366 2369 erant,
383 2327 444 2362 sed
456 2328 576 2362 vitreae
594 2328 681 2371 aliae,
699 2328 771 2362 aliae

100 2392 299 2427 papyracem
313 2406 321 2417 ‚
342 2381 416 2414 aliae
437 2381 579 2415 demum
601 2394 620 2415 e
640 2382 751 2415 vesica
766 2408 775 2423 ‚

100 2440 137 2466 ut
155 2433 318 2478 proximo
338 2434 587 2479 epigrammate
604 2435 770 2468 Lx11.E1).

158 2498 188 2519 1.
209 2487 281 2518 Lux
307 2487 383 2520 MS.
417 2488 550 2521 Beverl.
572 2509 623 2514 —
646 2488 772 2522 Clausis

92 2540 244 2581 flammis.
265 2539 306 2571 In
332 2540 465 2573 laterna
494 2539 626 2585 quippe
652 2541 771 2574 lumen

101 2592 197 2635 quasi
221 2590 416 2632 clauditur;
439 2605 515 2637 quae
546 2605 652 2637 quum
685 2602 773 2627 esset

103 2656 239 2685 cornea,
248 2643 335 2678 dum
345 2645 534 2690 pellucehat
549 2672 557 2684 ‚
568 2659 666 2680 aurea
682 2645 774 2679 vide-

834 2118 946 2149 batur.
968 2116 1072 2149 Haud
1084 2117 1233 2150 absimili
1245 2117 1368 2158 modo,
1387 2132 1509 2165 quam-

833 2169 884 2202 vis
901 2169 976 2202 fuse
998 2169 1125 2214 magis,
1144 2170 1289 2204 Plautus
1311 2171 1347 2203 in
1367 2172 1507 2218 Amphi-

833 2231 970 2268 tryone,
985 2231 1050 2256 act.
1064 2223 1156 2263 I‚sc.
1173 2236 1203 2264 1,
1217 2223 1285 2268 385
1296 2236 1404 2269 quum
1419 2226 1508 2258 Men

831 2274 947 2309 curius
960 2275 1008 2309 sic
1021 2275 1152 2309 Sosiam
1168 2276 1360 2322 alloquitur
1375 2290 1383 2310 ε
1397 2295 1410 2307 ι
1428 2279 1506 2319 Quo

832 2329 986 2361 ambulas
1005 2338 1060 2371 tu,
1078 2329 1139 2374 qui
1154 2329 1355 2363 Vulcanum
1376 2331 1409 2363 in
1432 2344 1506 2364 cor-

832 2394 883 2414 nu
903 2381 1103 2415 conclusum
1123 2382 1256 2427 geris?1›
1278 2391 1311 2416 et
1326 2383 1486 2429 Sympos.
1503 2396 1508 2415 ;

838 2452 851 2463 ιι
871 2434 1047 2468 Cornibus
1072 2443 1149 2480 apta
1173 2436 1283 2476 cavis,
1303 2437 1403 2469 tereti
1427 2449 1507 2481 per-

834 2486 948 2521 lucida
968 2487 1060 2520 vitro
1074 2513 1083 2529 ‚
1105 2488 1240 2520 Lumen
1261 2489 1391 2521 habens
1418 2490 1509 2522 intus

835 2539 946 2573 divini
966 2540 1108 2573 luminis
1129 2541 1245 2573 instar.
1276 2559 1286 2569 »a

891 2607 924 2625 2.
938 2594 1090 2625 Luem-na.
1109 2591 1266 2626 Sumitur
1286 2607 1347 2639 pro
1366 2594 1509 2628 candela

835 2655 865 2679 et
886 2648 962 2690 ipso
983 2646 1126 2678 lumine.

1222 2717 1304 2762 13⁴
