1901 3259
361 219 956 265 EPIGRAMMATUM
995 219 1121 261 LIB.
1153 219 1275 261 XII.

1462 234 1526 280 29

174 312 390 370 Prataque
405 344 416 365 ‚
440 324 522 352 nec
547 306 691 351 bifero
720 322 896 352 cessura
919 306 1085 350 rosaria
1108 307 1275 360 Paesto;

246 379 467 440 Quodque
492 379 606 422 viret
630 378 728 421 Jani
756 393 929 431 mense,
954 393 1036 421 nec
1066 375 1183 437 alget
1206 376 1328 433 olus;

174 453 372 511 Quaeque
398 458 521 493 natat
547 448 677 493 clusis
703 447 894 511 anguilla
918 447 1159 492 domestica
1182 446 1397 509 lymphis,

244 523 443 582 Quaeque
473 521 585 582 gerit
615 519 776 565 similes
799 518 984 564 candida
1010 519 1144 562 turris
1170 534 1299 575 aves;

175 595 363 637 Munera
389 601 492 636 sunt
514 591 702 635 dominae
728 600 828 652 post
854 591 1039 651 septima
1063 589 1203 634 lustra
1226 606 1404 633 reverso
1425 607 1432 631 :

246 666 338 707 Has
364 661 577 706 Marcella
602 661 782 718 domos,
805 677 1029 723 parvaque
1053 677 1191 722 regna
1217 660 1348 704 dedit.

176 734 219 778 Si
244 734 351 777 mihi
378 733 591 777 Nausicae
617 732 782 794 patrios
806 732 1068 777 concederet
1098 732 1278 788 hortos,

247 803 433 848 Alcinoo
455 819 631 865 possem
657 803 827 859 dicere,
853 802 975 847 Malo
998 819 1131 847 meos.

177 945 262 988 Καὶ
283 946 453 1004 λειμὼν,
481 944 549 987 καὶ
574 945 746 1002 Παιστῷ
772 941 968 1004 ἐρίζοντες
997 939 1211 1003 ῥοδεῶνες,

243 1014 426 1075 Χείματί
454 1016 493 1057 τ’
525 1016 568 1057 οὐ
598 1018 728 1075 ῥιγοῦν
759 1014 956 1062 τηλεθάον
981 1014 1184 1074 λάχανον·

174 1073 354 1147 Ϊῗγχελυς
380 1088 417 1128 ἐν
445 1089 674 1146 στεγανοῖσι
698 1085 992 1128 τιθασσεύουσα
1016 1081 1257 1144 κολύμὸὀις,

258 1143 275 1156 ‘1

245 1157 282 1198 H
313 1158 351 1198 τ’
379 1157 499 1217 ὄρνεις
520 1157 641 1204 λευκὴ
668 1156 803 1217 τύρσις
830 1157 960 1216 ἔχουο·’
986 1156 1207 1216 ὁμόχρους,

174 1227 416 1286 Μαρκέλλης
443 1221 540 1287 δῶρ’
567 1226 677 1270 ἐστὶ·
706 1227 791 1287 μεθ’
819 1221 1057 1287 ἑέδομοίδας
1082 1223 1351 1270 λυκαὲοίντων

242 1299 397 1353 Πέντε,
423 1315 490 1357 μοι
513 1298 715 1358 ἐρχομένῳ
742 1297 864 1358 μικρὰ
888 1292 985 1341 τάδ’
1011 1296 1106 1341 οἰκί’
1131 1292 1227 1341 ἔδω.

174 1366 227 1410 Εἴ
250 1385 318 1428 μοι
345 1368 563 1412 Ναυσικάα
585 1367 782 1429 πατρίους
809 1365 1016 1429 ἐχαρίζετο
1044 1370 1218 1425 κη’πους,

242 1435 369 1482 Εἶπον
395 1436 440 1482 ἂν
466 1432 671 1495 Ᾱλκινόῳ,
693 1433 853 1483 Τούσδε
875 1440 1154 1501 προαιρέομαι.

162 1575 195 1610 3.
211 1576 324 1619 Βζΐενο
347 1579 470 1609 rosaria
489 1577 611 1609 Paesto.
632 1576 710 1610 Hoc
726 1585 795 1620 est,

115 1629 170 1662 bis
191 1629 228 1662 in
255 1642 350 1663 anno
383 1629 538 1663 florenti.
554 1628 646 1663 Vide
672 1630 731 1663 lib.
748 1631 794 1671 V,

115 1683 226 1728 epigr.
246 1694 369 1716 xxxvn
382 1709 391 1725 ,
415 1695 450 1726 93
470 1691 504 1716 et
515 1683 643 1728 virgil.
664 1682 793 1728 Georg.

113 1734 176 1769 lib.
200 1736 267 1776 IV,
291 1747 362 1780 119.

171 1792 205 1829 4.
239 1789 308 1822 Nec
340 1789 428 1833 alget
451 1788 530 1821 olus.
561 1788 635 1822 Nec
666 1788 818 1833 frigore-

73 1864 78 1869 .
116 1849 295 1874 enecatur.

172 1893 207 1927 5.
231 1893 359 1927 Clausis
377 1893 453 1926 MS.
469 1893 505 1926 in
523 1906 630 1939 marg.
645 1892 700 1926 ed.
715 1893 792 1926 Par.

120 1948 232 1991 1617.
251 1967 303 1972 —
326 1945 413 1979 Cod.
440 1946 548 1980 Palat.
568 1947 721 1993 nymphis.
743 1966 796 1971 —

118 1998 224 2032 Clusis
245 1999 388 2044 lymphis.
410 1999 487 2032 Hoc
504 2007 572 2041 est,
590 1999 628 2032 in
649 1999 792 2045 piscina.

170 2053 204 2085 6.
223 2052 355 2085 Veneris
379 2052 487 2085 Palat.
515 2064 582 2097 pro
603 2053 727 2085 similes.
742 2074 794 2078 —

117 2102 268 2138 Candida
297 2107 403 2138 turris.
430 2105 517 2147 Quae
543 2103 707 2139 candidas
735 2117 793 2138 co-

113 2157 250 2191 lumhas
270 2157 486 2192 continebat.
507 2159 587 2192 Mos
608 2159 702 2192 enim
722 2159 794 2192 Ve-

114 2210 246 2245 teribus
257 2235 266 2251 ‚
283 2221 324 2244 ut
340 2211 376 2244 in
390 2211 548 2246 candidis
564 2212 720 2245 turribus
735 2224 794 2245 co-

114 2263 328 2298 lumbarium
357 2264 538 2299 haberent.
564 2263 670 2298 Unde
694 2264 793 2298 «Ad-

114 2317 221 2362 spicis
241 2326 279 2351 ut
308 2318 449 2352 veniant
467 2317 511 2351 ad
529 2317 680 2352 candida
705 2326 793 2352 tecta

116 2370 311 2404 columbae?
331 2388 345 2400 »
368 2370 474 2406 Ovid.
496 2372 603 2406 Trist.
634 2372 651 2404 Ι
666 2397 675 2413 ,
705 2372 792 2418 eleg.

116 2422 228 2469 IX‚7.

171 2488 206 2521 7.
229 2477 366 2509 Domino
387 2476 467 2511 edd.
493 2485 575 2511 vett.
601 2486 636 2511 et
662 2479 791 2525 Delph.

117 2529 321 2562 —Reversae
334 2530 411 2564 MS.
431 2531 791 2566 Beverl.—-D0minoe.

117 2581 245 2615 Uxoris
271 2595 369 2617 meae.
386 2605 435 2610 -——
456 2583 597 2629 Septima
622 2585 721 2618 lustra
743 2599 792 2618 re·

119 2648 215 2668 verso.
230 2636 354 2669 Annos
370 2636 512 2683 triginta
531 2637 703 2684 quinque.
719 2638 793 2672 Lu-

855 1584 966 1610 strum
987 1585 1104 1610 autem
1120 1577 1178 1611 hic
1194 1578 1342 1623 capitur,
1359 1587 1397 1613 ut
1412 1579 1470 1613 lib.
1490 1580 1536 1621 X,

855 1630 968 1674 epigr.
985 1642 1123 1664 xxxvnt
1135 1657 1144 1672 ,
1161 1644 1210 1665 vs.
1230 1643 1270 1675 9,
1291 1644 1358 1676 pro
1378 1632 1535 1678 quinque

854 1683 973 1723 annis,
1001 1692 1039 1717 ut
1060 1691 1157 1729 patet
1190 1697 1231 1717 ex
1252 1684 1313 1718 lib.
1341 1686 1394 1726 X,
1423 1686 1534 1731 epigr.

854 1747 944 1777 0111,
970 1748 1018 1769 vs.
1047 1749 1080 1781 7.
1110 1735 1215 1770 Unde
1240 1749 1322 1782 ergo
1350 1747 1448 1783 patet
1472 1740 1535 1772 tri-

855 1789 951 1833 ginta
985 1797 1020 1822 et
1059 1797 1213 1835 quatuor
1247 1791 1347 1824 annis
1390 1792 1535 1825 Poetam

855 1842 1022 1875 mansisse
1043 1843 1164 1876 Romae
1175 1869 1184 1884 ‚
1196 1850 1230 1877 et
1247 1856 1339 1877 anno
1355 1845 1535 1890 trigesimo

855 1903 982 1939 quarto
996 1894 1140 1929 rediisse
1159 1895 1195 1928 in
1220 1896 1436 1943 Hispaniam.

910 1948 942 1980 8.
961 1948 1071 1993 Dapes
1088 1961 1154 1994 pro
1170 1949 1276 1983 domos
1291 1950 1367 1983 MS.
1385 1951 1521 1986 Beverl.

854 2001 1084 2048 ——Parwaque
1103 2015 1212 2047 regna.
1229 2003 1299 2036 Vix
1317 2004 1448 2048 possim
1463 2017 1536 2039 cre-

855 2052 939 2086 dere
962 2054 1133 2088 Nostrum
1149 2055 1235 2100 quin
1258 2056 1316 2090 hic
1331 2057 1534 2103 Virgilianae

853 2107 980 2152 eclogae
1013 2108 1232 2150 meminisse,
1265 2109 1303 2142 in
1332 2123 1400 2155 qua
1431 2112 1534 2144 Meli-

853 2160 947 2193 baeus
968 2171 976 2193 ε
1004 2161 1192 2207 «Pauperis
1213 2170 1247 2195 et
1266 2163 1386 2207 tuguri
1407 2176 1534 2211 conge-

853 2221 947 2261 stum
969 2214 1098 2260 cespite
1117 2215 1256 2249 culmen
1278 2216 1361 2250 Post
1381 2217 1534 2263 aliquot,

853 2279 928 2300 mea
937 2279 1055 2312 regna,
1064 2267 1190 2302 videns
1200 2268 1357 2303 mirabor
1369 2271 1503 2304 aristas.
1513 2288 1527 2301 n

908 2333 940 2363 9.
960 2321 999 2354 Sa·
1017 2322 1093 2354 milli
1109 2322 1270 2356 Nausicaa
1282 2349 1291 2362 ‚
1311 2331 1374 2356 etc.
1390 2324 1426 2356 Si
1441 2325 1529 2358 mihi

852 2373 993 2406 Alcinoi
1017 2374 1087 2408 filia
1112 2374 1321 2408 concederet
1348 2377 1456 2421 patris
1477 2378 1532 2412 sui

852 2427 1110 2471 pulcherrimos
1143 2428 1275 2462 hortos.
1290 2451 1343 2455 —
1357 2429 1531 2465 Nausic-ae.

852 2480 904 2513 De
916 2492 983 2526 qua
994 2505 1004 2521 ‚
1017 2489 1186 2527 patreque
1200 2483 1272 2527 ejus
1283 2507 1292 2523 ‚
1303 2489 1414 2528 atque
1426 2483 1531 2518 simul

853 2533 1091 2567 amoenissimis
1102 2534 1226 2576 hortis,
1234 2535 1407 2569 Homerus
1419 2536 1532 2583 Odys-

853 2598 918 2620 seae
942 2586 1003 2620 lib.
1022 2587 1130 2628 XIV;
1155 2596 1190 2620 et
1209 2588 1346 2630 Noster,
1374 2589 1436 2624 lib.
1462 2592 1528 2633 IV,

854 2639 963 2685 epigr.
985 2653 1081 2682 LXIV,
1097 2653 1146 2674 vs.
1165 2653 1225 2685 29.
