<?xml version="1.0" encoding="UTF-8"?>
<!DOCTYPE html PUBLIC "-//W3C//DTD XHTML 1.0 Transitional//EN"
    "http://www.w3.org/TR/xhtml1/DTD/xhtml1-transitional.dtd">
<html xmlns="http://www.w3.org/1999/xhtml" xml:lang="en" lang="en">
 <head>
  <title>
</title>
<meta http-equiv="Content-Type" content="text/html;charset=utf-8" />
  <meta name='ocr-system' content='tesseract 3.04.00' />
  <meta name='ocr-capabilities' content='ocr_page ocr_carea ocr_par ocr_line ocrx_word'/>
</head>
<body>
  <div class='ocr_page' id='page_1' title='image "./epigrammata03martuoft/epigrammata03martuoft_0202.png"; bbox 0 0 2044 3292; ppageno 0'>
   <div class='ocr_carea' id='block_1_1' title="bbox 553 203 641 256">
    <p class='ocr_par' dir='ltr' id='par_1_1' title="bbox 553 203 641 256">
     <span class='ocr_line' id='line_1_1' title="bbox 553 203 641 256; baseline 0 0"><span class='ocrx_word' id='word_1_1' title='bbox 553 203 641 256; x_wconf 73' lang='grc' dir='ltr'>1[ιίι</span> 
     </span>
    </p>
   </div>
   <div class='ocr_carea' id='block_1_2' title="bbox 920 201 1580 246">
    <p class='ocr_par' dir='ltr' id='par_1_2' title="bbox 920 201 1580 246">
     <span class='ocr_line' id='line_1_2' title="bbox 920 201 1580 246; baseline 0.003 -2"><span class='ocrx_word' id='word_1_2' title='bbox 920 201 980 244; x_wconf 91' lang='lat' dir='ltr'>M.</span> <span class='ocrx_word' id='word_1_3' title='bbox 1006 203 1144 245; x_wconf 84' lang='lat' dir='ltr'><strong>VAL.</strong></span> <span class='ocrx_word' id='word_1_4' title='bbox 1186 203 1580 246; x_wconf 81' lang='lat' dir='ltr'>MARTIALIS</span> 
     </span>
    </p>
   </div>
   <div class='ocr_carea' id='block_1_3' title="bbox 1141 351 1349 409">
    <p class='ocr_par' dir='ltr' id='par_1_3' title="bbox 1141 351 1349 409">
     <span class='ocr_line' id='line_1_3' title="bbox 1141 351 1349 409; baseline 0.01 -3"><span class='ocrx_word' id='word_1_5' title='bbox 1141 351 1349 409; x_wconf 90' lang='lat' dir='ltr'><strong>XCII.</strong></span> 
     </span>
    </p>
   </div>
   <div class='ocr_carea' id='block_1_4' title="bbox 1160 508 1340 537">
    <p class='ocr_par' dir='ltr' id='par_1_4' title="bbox 1160 508 1340 537">
     <span class='ocr_line' id='line_1_4' title="bbox 1160 508 1340 537; baseline 0.006 -1"><span class='ocrx_word' id='word_1_6' title='bbox 1160 508 1340 537; x_wconf 85' lang='lat' dir='ltr'><strong>LEPUS.</strong></span> 
     </span>
    </p>
   </div>
   <div class='ocr_carea' id='block_1_5' title="bbox 614 631 1733 765">
    <p class='ocr_par' dir='ltr' id='par_1_5' title="bbox 614 631 1733 765">
     <span class='ocr_line' id='line_1_5' title="bbox 614 631 1733 693; baseline 0.004 -19"><span class='ocrx_word' id='word_1_7' title='bbox 614 635 755 677; x_wconf 76' lang='lat' dir='ltr'>INTER</span> <span class='ocrx_word' id='word_1_8' title='bbox 785 648 886 676; x_wconf 79' lang='lat' dir='ltr'>aves</span> <span class='ocrx_word' id='word_1_9' title='bbox 915 631 1094 687; x_wconf 83' lang='lat' dir='ltr'>turdus,</span> <span class='ocrx_word' id='word_1_10' title='bbox 1118 632 1151 675; x_wconf 91' lang='lat' dir='ltr'>si</span> <span class='ocrx_word' id='word_1_11' title='bbox 1179 633 1275 693; x_wconf 89' lang='lat' dir='ltr'>quis</span> <span class='ocrx_word' id='word_1_12' title='bbox 1305 649 1374 676; x_wconf 90' lang='lat' dir='ltr'>me</span> <span class='ocrx_word' id='word_1_13' title='bbox 1397 632 1544 693; x_wconf 85' lang='lat' dir='ltr'>judice</span> <span class='ocrx_word' id='word_1_14' title='bbox 1575 643 1733 690; x_wconf 85' lang='lat' dir='ltr'>certet,</span> 
     </span>
     <span class='ocr_line' id='line_1_6' title="bbox 681 701 1637 765; baseline 0.003 -20"><span class='ocrx_word' id='word_1_15' title='bbox 681 704 802 746; x_wconf 77' lang='lat' dir='ltr'>Inter</span> <span class='ocrx_word' id='word_1_16' title='bbox 822 701 1127 763; x_wconf 85' lang='lat' dir='ltr'>quadrupedes</span> <span class='ocrx_word' id='word_1_17' title='bbox 1149 712 1312 747; x_wconf 86' lang='lat' dir='ltr'>mattea</span> <span class='ocrx_word' id='word_1_18' title='bbox 1337 704 1478 764; x_wconf 81' lang='lat' dir='ltr'>prima</span> <span class='ocrx_word' id='word_1_19' title='bbox 1502 703 1637 765; x_wconf 89' lang='lat' dir='ltr'>lepus.</span> 
     </span>
    </p>
   </div>
   <div class='ocr_carea' id='block_1_6' title="bbox 613 844 1602 905">
    <p class='ocr_par' dir='ltr' id='par_1_6' title="bbox 613 844 1602 905">
     <span class='ocr_line' id='line_1_7' title="bbox 613 844 1602 905; baseline 0 -18"><span class='ocrx_word' id='word_1_20' title='bbox 613 848 700 888; x_wconf 83' lang='grc' dir='ltr'>Τῶν</span> <span class='ocrx_word' id='word_1_21' title='bbox 730 848 893 892; x_wconf 73' lang='grc' dir='ltr'>πτηνῶν</span> <span class='ocrx_word' id='word_1_22' title='bbox 917 848 940 892; x_wconf 75' lang='grc' dir='ltr'>ἢ</span> <span class='ocrx_word' id='word_1_23' title='bbox 969 844 1110 904; x_wconf 79' lang='grc' dir='ltr'>κίχλη,</span> <span class='ocrx_word' id='word_1_24' title='bbox 1136 845 1224 904; x_wconf 80' lang='grc' dir='ltr'>ἐμοὶ</span> <span class='ocrx_word' id='word_1_25' title='bbox 1247 851 1362 905; x_wconf 77' lang='grc' dir='ltr'>κριτῇ</span> <span class='ocrx_word' id='word_1_26' title='bbox 1389 844 1424 888; x_wconf 86' lang='grc' dir='ltr'>εἴ</span> <span class='ocrx_word' id='word_1_27' title='bbox 1451 862 1515 888; x_wconf 86' lang='grc' dir='ltr'>κεν</span> <span class='ocrx_word' id='word_1_28' title='bbox 1545 844 1602 905; x_wconf 76' lang='grc' dir='ltr'>ἐρί</span> 
     </span>
    </p>
   </div>
   <div class='ocr_carea' id='block_1_7' title="bbox 1604 841 1697 896">
    <p class='ocr_par' dir='ltr' id='par_1_7' title="bbox 1604 841 1697 896">
     <span class='ocr_line' id='line_1_8' title="bbox 1604 841 1697 896; baseline 0 0"><span class='ocrx_word' id='word_1_29' title='bbox 1604 841 1697 896; x_wconf 82' lang='grc' dir='ltr'>ζοις·</span> 
     </span>
    </p>
   </div>
   <div class='ocr_carea' id='block_1_8' title="bbox 683 908 1738 978">
    <p class='ocr_par' dir='ltr' id='par_1_8' title="bbox 683 908 1738 978">
     <span class='ocr_line' id='line_1_9' title="bbox 683 908 1700 958; baseline 0.001 -1"><span class='ocrx_word' id='word_1_30' title='bbox 683 917 773 958; x_wconf 83' lang='grc' dir='ltr'>Τῶν</span> <span class='ocrx_word' id='word_1_31' title='bbox 801 909 840 957; x_wconf 76' lang='grc' dir='ltr'>δ’</span> <span class='ocrx_word' id='word_1_32' title='bbox 868 912 917 958; x_wconf 75' lang='grc' dir='ltr'>αὖ</span> <span class='ocrx_word' id='word_1_33' title='bbox 942 932 1015 958; x_wconf 84' lang='grc' dir='ltr'>τετ</span> <span class='ocrx_word' id='word_1_34' title='bbox 1116 908 1150 957; x_wconf 74' lang='grc' dir='ltr'>’δ</span> <span class='ocrx_word' id='word_1_35' title='bbox 1294 921 1314 928; x_wconf 68' lang='grc'><em>“</em></span> <span class='ocrx_word' id='word_1_36' title='bbox 1421 909 1464 958; x_wconf 74' lang='grc' dir='ltr'>”δ</span> <span class='ocrx_word' id='word_1_37' title='bbox 1688 917 1700 933; x_wconf 76' lang='grc'><em>’</em></span> 
     </span>
     <span class='ocr_line' id='line_1_10' title="bbox 1019 920 1738 978; baseline 0.003 -21"><span class='ocrx_word' id='word_1_38' title='bbox 1019 933 1122 975; x_wconf 87' lang='grc' dir='ltr'>ραπο</span> <span class='ocrx_word' id='word_1_39' title='bbox 1153 932 1204 957; x_wconf 93' lang='grc' dir='ltr'>ων</span> <span class='ocrx_word' id='word_1_40' title='bbox 1231 933 1390 976; x_wconf 86' lang='grc' dir='ltr'>πρωτον</span> <span class='ocrx_word' id='word_1_41' title='bbox 1417 933 1433 958; x_wconf 87' lang='grc' dir='ltr'><strong>ε</strong></span> <span class='ocrx_word' id='word_1_42' title='bbox 1466 933 1569 976; x_wconf 76' lang='grc' dir='ltr'>εσμα</span> <span class='ocrx_word' id='word_1_43' title='bbox 1591 920 1738 978; x_wconf 79' lang='grc' dir='ltr'>λαγως.</span> 
     </span>
    </p>
   </div>
   <div class='ocr_carea' id='block_1_9' title="bbox 543 1054 1224 1630">
    <p class='ocr_par' dir='ltr' id='par_1_9' title="bbox 543 1054 1224 1513">
     <span class='ocr_line' id='line_1_11' title="bbox 599 1054 1224 1101; baseline -0.003 -12"><span class='ocrx_word' id='word_1_44' title='bbox 599 1067 613 1088; x_wconf 91' lang='lat'>1</span> <span class='ocrx_word' id='word_1_45' title='bbox 623 1081 631 1089; x_wconf 91' lang='lat'><strong>.</strong></span> <span class='ocrx_word' id='word_1_46' title='bbox 646 1054 683 1088; x_wconf 82' lang='lat' dir='ltr'>Si</span> <span class='ocrx_word' id='word_1_47' title='bbox 697 1054 782 1101; x_wconf 81' lang='lat' dir='ltr'>quod</span> <span class='ocrx_word' id='word_1_48' title='bbox 791 1061 907 1087; x_wconf 82' lang='lat' dir='ltr'>certum</span> <span class='ocrx_word' id='word_1_49' title='bbox 921 1061 967 1087; x_wconf 86' lang='lat' dir='ltr'>est</span> <span class='ocrx_word' id='word_1_50' title='bbox 977 1054 1086 1088; x_wconf 84' lang='lat' dir='ltr'>Palat.</span> <span class='ocrx_word' id='word_1_51' title='bbox 1102 1054 1224 1101; x_wconf 80' lang='lat' dir='ltr'><em>Siquid</em></span> 
     </span>
     <span class='ocr_line' id='line_1_12' title="bbox 543 1106 1218 1152; baseline -0.001 -11"><span class='ocrx_word' id='word_1_52' title='bbox 543 1116 659 1141; x_wconf 83' lang='lat' dir='ltr'>certum</span> <span class='ocrx_word' id='word_1_53' title='bbox 686 1116 732 1140; x_wconf 88' lang='lat' dir='ltr'>est</span> <span class='ocrx_word' id='word_1_54' title='bbox 755 1106 809 1141; x_wconf 89' lang='lat' dir='ltr'>ed.</span> <span class='ocrx_word' id='word_1_55' title='bbox 836 1107 911 1140; x_wconf 84' lang='lat' dir='ltr'>Par.</span> <span class='ocrx_word' id='word_1_56' title='bbox 945 1109 1040 1152; x_wconf 91' lang='lat'>1617</span> <span class='ocrx_word' id='word_1_57' title='bbox 1065 1115 1098 1141; x_wconf 88' lang='lat' dir='ltr'>et</span> <span class='ocrx_word' id='word_1_58' title='bbox 1116 1106 1218 1141; x_wconf 83' lang='lat' dir='ltr'><strong><em>Barb.</em></strong></span> 
     </span>
     <span class='ocr_line' id='line_1_13' title="bbox 546 1160 1222 1195; baseline -0.003 0"><span class='ocrx_word' id='word_1_59' title='bbox 546 1161 674 1195; x_wconf 79' lang='lat' dir='ltr'>Certum</span> <span class='ocrx_word' id='word_1_60' title='bbox 700 1168 747 1193; x_wconf 83' lang='lat' dir='ltr'>est</span> <span class='ocrx_word' id='word_1_61' title='bbox 772 1173 844 1194; x_wconf 88' lang='lat' dir='ltr'>esse</span> <span class='ocrx_word' id='word_1_62' title='bbox 870 1160 907 1193; x_wconf 92' lang='lat' dir='ltr'>in</span> <span class='ocrx_word' id='word_1_63' title='bbox 933 1172 996 1193; x_wconf 92' lang='lat' dir='ltr'>suo</span> <span class='ocrx_word' id='word_1_64' title='bbox 1016 1160 1095 1194; x_wconf 91' lang='lat' dir='ltr'>MS.</span> <span class='ocrx_word' id='word_1_65' title='bbox 1121 1168 1222 1194; x_wconf 85' lang='lat' dir='ltr'>notat</span> 
     </span>
     <span class='ocr_line' id='line_1_14' title="bbox 543 1212 1221 1259; baseline -0.001 -12"><span class='ocrx_word' id='word_1_66' title='bbox 543 1212 789 1248; x_wconf 83' lang='lat' dir='ltr'>Beverlandus.</span> <span class='ocrx_word' id='word_1_67' title='bbox 800 1212 996 1247; x_wconf 83' lang='lat' dir='ltr'>—Turdus.</span> <span class='ocrx_word' id='word_1_68' title='bbox 1013 1239 1021 1247; x_wconf 93' lang='lat'>.</span> <span class='ocrx_word' id='word_1_69' title='bbox 1034 1214 1150 1259; x_wconf 82' lang='lat' dir='ltr'>.lepus.</span> <span class='ocrx_word' id='word_1_70' title='bbox 1168 1214 1221 1247; x_wconf 92' lang='lat' dir='ltr'>De</span> 
     </span>
     <span class='ocr_line' id='line_1_15' title="bbox 544 1265 1220 1313; baseline -0.003 -12"><span class='ocrx_word' id='word_1_71' title='bbox 544 1266 658 1301; x_wconf 85' lang='lat' dir='ltr'>turdis</span> <span class='ocrx_word' id='word_1_72' title='bbox 677 1268 747 1313; x_wconf 86' lang='lat' dir='ltr'>jam</span> <span class='ocrx_word' id='word_1_73' title='bbox 770 1266 893 1313; x_wconf 89' lang='lat' dir='ltr'>saepius</span> <span class='ocrx_word' id='word_1_74' title='bbox 917 1265 1051 1300; x_wconf 85' lang='lat' dir='ltr'>dictum</span> <span class='ocrx_word' id='word_1_75' title='bbox 1075 1278 1084 1300; x_wconf 92' lang='lat'>:</span> <span class='ocrx_word' id='word_1_76' title='bbox 1105 1265 1148 1300; x_wconf 89' lang='lat' dir='ltr'>de</span> <span class='ocrx_word' id='word_1_77' title='bbox 1170 1266 1220 1299; x_wconf 88' lang='lat' dir='ltr'>le-</span> 
     </span>
     <span class='ocr_line' id='line_1_16' title="bbox 545 1318 1218 1366; baseline -0.003 -12"><span class='ocrx_word' id='word_1_78' title='bbox 545 1333 630 1366; x_wconf 89' lang='lat' dir='ltr'>pore</span> <span class='ocrx_word' id='word_1_79' title='bbox 650 1332 735 1354; x_wconf 87' lang='lat' dir='ltr'>vero</span> <span class='ocrx_word' id='word_1_80' title='bbox 754 1319 871 1361; x_wconf 89' lang='lat' dir='ltr'>lib.V,</span> <span class='ocrx_word' id='word_1_81' title='bbox 886 1319 997 1365; x_wconf 86' lang='lat' dir='ltr'><strong>epigr.</strong></span> <span class='ocrx_word' id='word_1_82' title='bbox 1020 1331 1115 1353; x_wconf 75' lang='lat' dir='ltr'>xxxx.</span> <span class='ocrx_word' id='word_1_83' title='bbox 1134 1318 1218 1353; x_wconf 83' lang='lat' dir='ltr'>Vid.</span> 
     </span>
     <span class='ocr_line' id='line_1_17' title="bbox 544 1372 1221 1419; baseline -0.001 -12"><span class='ocrx_word' id='word_1_84' title='bbox 544 1381 682 1419; x_wconf 80' lang='lat' dir='ltr'>praeter.</span> <span class='ocrx_word' id='word_1_85' title='bbox 697 1373 842 1406; x_wconf 84' lang='lat' dir='ltr'>Lucian.</span> <span class='ocrx_word' id='word_1_86' title='bbox 857 1372 984 1418; x_wconf 85' lang='lat' dir='ltr'>passim</span> <span class='ocrx_word' id='word_1_87' title='bbox 995 1397 1004 1413; x_wconf 95' lang='lat'>‚</span> <span class='ocrx_word' id='word_1_88' title='bbox 1018 1372 1221 1414; x_wconf 84' lang='lat' dir='ltr'>Athenaeus,</span> 
     </span>
     <span class='ocr_line' id='line_1_18' title="bbox 546 1425 1222 1471; baseline 0 -12"><span class='ocrx_word' id='word_1_89' title='bbox 546 1425 742 1460; x_wconf 86' lang='lat' dir='ltr'>Dioscorid.</span> <span class='ocrx_word' id='word_1_90' title='bbox 765 1426 825 1459; x_wconf 88' lang='lat' dir='ltr'>lib.</span> <span class='ocrx_word' id='word_1_91' title='bbox 845 1426 900 1465; x_wconf 92' lang='lat' dir='ltr'>II,</span> <span class='ocrx_word' id='word_1_92' title='bbox 923 1437 997 1471; x_wconf 86' lang='lat' dir='ltr'>cap.</span> <span class='ocrx_word' id='word_1_93' title='bbox 1024 1427 1069 1460; x_wconf 84' lang='lat'>18</span> <span class='ocrx_word' id='word_1_94' title='bbox 1090 1433 1124 1459; x_wconf 90' lang='lat' dir='ltr'>et</span> <span class='ocrx_word' id='word_1_95' title='bbox 1145 1438 1222 1471; x_wconf 87' lang='lat' dir='ltr'>quae</span> 
     </span>
     <span class='ocr_line' id='line_1_19' title="bbox 544 1478 995 1513; baseline 0 -2"><span class='ocrx_word' id='word_1_96' title='bbox 544 1479 593 1512; x_wconf 78' lang='lat' dir='ltr'>ihi</span> <span class='ocrx_word' id='word_1_97' title='bbox 616 1478 802 1513; x_wconf 82' lang='lat' dir='ltr'>annotavit</span> <span class='ocrx_word' id='word_1_98' title='bbox 824 1478 995 1511; x_wconf 83' lang='lat' dir='ltr'>Natiolus.</span> 
     </span>
    </p>

    <p class='ocr_par' dir='ltr' id='par_1_10' title="bbox 544 1531 1221 1630">
     <span class='ocr_line' id='line_1_20' title="bbox 600 1531 1220 1577; baseline -0.002 -12"><span class='ocrx_word' id='word_1_99' title='bbox 600 1545 631 1565; x_wconf 82' lang='lat'>2.</span> <span class='ocrx_word' id='word_1_100' title='bbox 657 1532 792 1566; x_wconf 63' lang='grc' dir='ltr'>Ματέρα.</span> <span class='ocrx_word' id='word_1_101' title='bbox 817 1531 1007 1577; x_wconf 86' lang='lat' dir='ltr'>Multiplex</span> <span class='ocrx_word' id='word_1_102' title='bbox 1034 1531 1103 1565; x_wconf 93' lang='lat' dir='ltr'>hoc</span> <span class='ocrx_word' id='word_1_103' title='bbox 1140 1531 1220 1564; x_wconf 90' lang='lat' dir='ltr'>loco</span> 
     </span>
     <span class='ocr_line' id='line_1_21' title="bbox 544 1583 1221 1630; baseline -0.001 -12"><span class='ocrx_word' id='word_1_104' title='bbox 544 1585 701 1619; x_wconf 76' lang='lat' dir='ltr'>variatio.</span> <span class='ocrx_word' id='word_1_105' title='bbox 726 1603 739 1615; x_wconf 71' lang='grc' dir='ltr'><strong><em>κ</em></strong></span> <span class='ocrx_word' id='word_1_106' title='bbox 755 1583 848 1618; x_wconf 88' lang='lat' dir='ltr'>Lud.</span> <span class='ocrx_word' id='word_1_107' title='bbox 872 1584 998 1618; x_wconf 86' lang='lat' dir='ltr'>Caelius</span> <span class='ocrx_word' id='word_1_108' title='bbox 1015 1584 1118 1626; x_wconf 89' lang='lat' dir='ltr'>olim,</span> <span class='ocrx_word' id='word_1_109' title='bbox 1141 1591 1221 1630; x_wconf 89' lang='lat' dir='ltr'>post</span> 
     </span>
    </p>
   </div>
   <div class='ocr_carea' id='block_1_10' title="bbox 1280 1054 1957 1630">
    <p class='ocr_par' dir='ltr' id='par_1_11' title="bbox 1280 1054 1957 1630">
     <span class='ocr_line' id='line_1_22' title="bbox 1281 1054 1956 1090; baseline 0.004 -3"><span class='ocrx_word' id='word_1_110' title='bbox 1281 1054 1454 1088; x_wconf 87' lang='lat' dir='ltr'><strong>Gruterus</strong></span> <span class='ocrx_word' id='word_1_111' title='bbox 1488 1067 1507 1088; x_wconf 90' lang='lat' dir='ltr'>e</span> <span class='ocrx_word' id='word_1_112' title='bbox 1536 1054 1637 1089; x_wconf 87' lang='lat' dir='ltr'><strong>MSS.</strong></span> <span class='ocrx_word' id='word_1_113' title='bbox 1669 1054 1797 1088; x_wconf 84' lang='lat' dir='ltr'>rectius</span> <span class='ocrx_word' id='word_1_114' title='bbox 1819 1054 1956 1090; x_wconf 81' lang='lat' dir='ltr'>Mattea.</span> 
     </span>
     <span class='ocr_line' id='line_1_23' title="bbox 1280 1105 1956 1142; baseline 0.003 -3"><span class='ocrx_word' id='word_1_115' title='bbox 1280 1105 1462 1140; x_wconf 82' lang='lat' dir='ltr'>Bodleian.</span> <span class='ocrx_word' id='word_1_116' title='bbox 1476 1107 1551 1141; x_wconf 91' lang='lat' dir='ltr'>MS.</span> <span class='ocrx_word' id='word_1_117' title='bbox 1566 1107 1675 1142; x_wconf 78' lang='lat' dir='ltr'>bestia.</span> <span class='ocrx_word' id='word_1_118' title='bbox 1689 1125 1702 1138; x_wconf 63' lang='lat' dir='ltr'><strong>n</strong></span> <span class='ocrx_word' id='word_1_119' title='bbox 1725 1107 1870 1142; x_wconf 86' lang='lat' dir='ltr'>Schrev.</span> <span class='ocrx_word' id='word_1_120' title='bbox 1886 1124 1900 1138; x_wconf 70' lang='grc' dir='ltr'>ι</span> <span class='ocrx_word' id='word_1_121' title='bbox 1913 1109 1956 1141; x_wconf 88' lang='lat' dir='ltr'>In</span> 
     </span>
     <span class='ocr_line' id='line_1_24' title="bbox 1280 1159 1957 1205; baseline 0.001 -13"><span class='ocrx_word' id='word_1_122' title='bbox 1280 1159 1359 1194; x_wconf 56' lang='lat' dir='ltr'>M&amp;</span> <span class='ocrx_word' id='word_1_123' title='bbox 1377 1160 1558 1205; x_wconf 78' lang='lat' dir='ltr'>legebatur</span> <span class='ocrx_word' id='word_1_124' title='bbox 1573 1161 1678 1194; x_wconf 76' lang='lat' dir='ltr'>uthica</span> <span class='ocrx_word' id='word_1_125' title='bbox 1693 1188 1701 1201; x_wconf 83' lang='lat'><em>,</em></span> <span class='ocrx_word' id='word_1_126' title='bbox 1719 1160 1814 1194; x_wconf 85' lang='lat' dir='ltr'>vocis</span> <span class='ocrx_word' id='word_1_127' title='bbox 1828 1160 1957 1194; x_wconf 86' lang='lat' dir='ltr'>vicinia</span> 
     </span>
     <span class='ocr_line' id='line_1_25' title="bbox 1280 1213 1956 1260; baseline -0.003 -14"><span class='ocrx_word' id='word_1_128' title='bbox 1280 1225 1360 1246; x_wconf 90' lang='lat' dir='ltr'>cum</span> <span class='ocrx_word' id='word_1_129' title='bbox 1396 1221 1518 1258; x_wconf 75' lang='lat' dir='ltr'><em>mattya</em></span> <span class='ocrx_word' id='word_1_130' title='bbox 1557 1213 1790 1259; x_wconf 79' lang='lat' dir='ltr'>conspirante.</span> <span class='ocrx_word' id='word_1_131' title='bbox 1825 1213 1956 1260; x_wconf 79' lang='lat' dir='ltr'><em>Mattya</em></span> 
     </span>
     <span class='ocr_line' id='line_1_26' title="bbox 1280 1264 1955 1312; baseline 0.003 -14"><span class='ocrx_word' id='word_1_132' title='bbox 1280 1278 1345 1312; x_wconf 86' lang='lat' dir='ltr'>pro</span> <span class='ocrx_word' id='word_1_133' title='bbox 1364 1264 1498 1300; x_wconf 80' lang='lat' dir='ltr'>deliciis</span> <span class='ocrx_word' id='word_1_134' title='bbox 1513 1266 1623 1312; x_wconf 83' lang='lat' dir='ltr'>accipi</span> <span class='ocrx_word' id='word_1_135' title='bbox 1638 1265 1788 1300; x_wconf 85' lang='lat' dir='ltr'>videtur.</span> <span class='ocrx_word' id='word_1_136' title='bbox 1804 1281 1818 1294; x_wconf 75' lang='grc' dir='ltr'>ι</span> <span class='ocrx_word' id='word_1_137' title='bbox 1841 1265 1955 1311; x_wconf 85' lang='lat' dir='ltr'><strong>Marg.</strong></span> 
     </span>
     <span class='ocr_line' id='line_1_27' title="bbox 1281 1317 1955 1364; baseline 0 -12"><span class='ocrx_word' id='word_1_138' title='bbox 1281 1318 1337 1352; x_wconf 88' lang='lat' dir='ltr'>ed.</span> <span class='ocrx_word' id='word_1_139' title='bbox 1355 1318 1434 1352; x_wconf 86' lang='lat' dir='ltr'>Par.</span> <span class='ocrx_word' id='word_1_140' title='bbox 1453 1330 1465 1351; x_wconf 94' lang='lat'>1</span> <span class='ocrx_word' id='word_1_141' title='bbox 1475 1321 1495 1353; x_wconf 90' lang='lat'>6</span> <span class='ocrx_word' id='word_1_142' title='bbox 1505 1331 1518 1353; x_wconf 91' lang='lat'>1</span> <span class='ocrx_word' id='word_1_143' title='bbox 1528 1332 1562 1364; x_wconf 90' lang='lat'>7.</span> <span class='ocrx_word' id='word_1_144' title='bbox 1586 1319 1716 1353; x_wconf 71' lang='lat' dir='ltr'>«Mutea</span> <span class='ocrx_word' id='word_1_145' title='bbox 1724 1319 1863 1353; x_wconf 84' lang='lat' dir='ltr'>Thuan.</span> <span class='ocrx_word' id='word_1_146' title='bbox 1874 1317 1955 1352; x_wconf 90' lang='lat' dir='ltr'>cod.</span> 
     </span>
     <span class='ocr_line' id='line_1_28' title="bbox 1282 1370 1955 1418; baseline 0.001 -14"><span class='ocrx_word' id='word_1_147' title='bbox 1282 1371 1379 1404; x_wconf 81' lang='lat' dir='ltr'>bestia</span> <span class='ocrx_word' id='word_1_148' title='bbox 1387 1372 1466 1405; x_wconf 84' lang='lat' dir='ltr'><strong>Vat.</strong></span> <span class='ocrx_word' id='word_1_149' title='bbox 1477 1389 1489 1400; x_wconf 75' lang='lat' dir='ltr'>u</span> <span class='ocrx_word' id='word_1_150' title='bbox 1508 1372 1632 1405; x_wconf 71' lang='lat' dir='ltr'>Beverl.</span> <span class='ocrx_word' id='word_1_151' title='bbox 1644 1372 1765 1418; x_wconf 74' lang='lat' dir='ltr'>Minya</span> <span class='ocrx_word' id='word_1_152' title='bbox 1775 1370 1829 1406; x_wconf 88' lang='lat' dir='ltr'>ed.</span> <span class='ocrx_word' id='word_1_153' title='bbox 1840 1371 1955 1405; x_wconf 85' lang='lat' dir='ltr'>Maitt.</span> 
     </span>
     <span class='ocr_line' id='line_1_29' title="bbox 1285 1423 1955 1459; baseline -0.003 0"><span class='ocrx_word' id='word_1_154' title='bbox 1285 1424 1400 1459; x_wconf 86' lang='lat' dir='ltr'><em>Gloria</em></span> <span class='ocrx_word' id='word_1_155' title='bbox 1414 1423 1492 1458; x_wconf 92' lang='lat' dir='ltr'>edd.</span> <span class='ocrx_word' id='word_1_156' title='bbox 1504 1433 1587 1459; x_wconf 85' lang='lat' dir='ltr'>vett.</span> <span class='ocrx_word' id='word_1_157' title='bbox 1599 1433 1633 1459; x_wconf 90' lang='lat' dir='ltr'>et</span> <span class='ocrx_word' id='word_1_158' title='bbox 1645 1425 1791 1459; x_wconf 84' lang='lat' dir='ltr'>Farnab.</span> <span class='ocrx_word' id='word_1_159' title='bbox 1804 1433 1838 1458; x_wconf 87' lang='lat' dir='ltr'>et</span> <span class='ocrx_word' id='word_1_160' title='bbox 1851 1423 1955 1458; x_wconf 88' lang='lat' dir='ltr'>Barb.</span> 
     </span>
     <span class='ocr_line' id='line_1_30' title="bbox 1281 1475 1957 1524; baseline 0 -14"><span class='ocrx_word' id='word_1_161' title='bbox 1281 1500 1334 1504; x_wconf 90' lang='lat'>—</span> <span class='ocrx_word' id='word_1_162' title='bbox 1347 1478 1484 1512; x_wconf 67' lang='lat' dir='ltr'>Matreu.</span> <span class='ocrx_word' id='word_1_163' title='bbox 1501 1478 1564 1511; x_wconf 82' lang='lat' dir='ltr'>Illa</span> <span class='ocrx_word' id='word_1_164' title='bbox 1577 1491 1645 1512; x_wconf 85' lang='lat' dir='ltr'>vox</span> <span class='ocrx_word' id='word_1_165' title='bbox 1658 1478 1827 1524; x_wconf 87' lang='lat' dir='ltr'>significat</span> <span class='ocrx_word' id='word_1_166' title='bbox 1837 1503 1846 1519; x_wconf 88' lang='lat'><strong>,</strong></span> <span class='ocrx_word' id='word_1_167' title='bbox 1868 1475 1957 1510; x_wconf 88' lang='lat' dir='ltr'>deli-</span> 
     </span>
     <span class='ocr_line' id='line_1_31' title="bbox 1281 1530 1955 1577; baseline -0.001 -13"><span class='ocrx_word' id='word_1_168' title='bbox 1281 1531 1362 1571; x_wconf 89' lang='lat' dir='ltr'>ciae,</span> <span class='ocrx_word' id='word_1_169' title='bbox 1383 1530 1532 1577; x_wconf 87' lang='lat' dir='ltr'>cupedia</span> <span class='ocrx_word' id='word_1_170' title='bbox 1550 1543 1558 1564; x_wconf 93' lang='lat'><strong>:</strong></span> <span class='ocrx_word' id='word_1_171' title='bbox 1580 1531 1640 1564; x_wconf 89' lang='lat' dir='ltr'>lib.</span> <span class='ocrx_word' id='word_1_172' title='bbox 1665 1532 1720 1574; x_wconf 92' lang='lat' dir='ltr'>X,</span> <span class='ocrx_word' id='word_1_173' title='bbox 1744 1530 1853 1577; x_wconf 82' lang='lat' dir='ltr'>epigr.</span> <span class='ocrx_word' id='word_1_174' title='bbox 1880 1541 1955 1563; x_wconf 77' lang='lat' dir='ltr'>ux.</span> 
     </span>
     <span class='ocr_line' id='line_1_32' title="bbox 1285 1583 1887 1630; baseline 0 -13"><span class='ocrx_word' id='word_1_175' title='bbox 1285 1601 1298 1613; x_wconf 66' lang='lat' dir='ltr'>a</span> <span class='ocrx_word' id='word_1_176' title='bbox 1319 1583 1387 1617; x_wconf 86' lang='lat' dir='ltr'>Sed</span> <span class='ocrx_word' id='word_1_177' title='bbox 1416 1593 1450 1618; x_wconf 80' lang='lat' dir='ltr'>te</span> <span class='ocrx_word' id='word_1_178' title='bbox 1477 1592 1603 1619; x_wconf 83' lang='lat' dir='ltr'>mattea</span> <span class='ocrx_word' id='word_1_179' title='bbox 1623 1584 1695 1618; x_wconf 86' lang='lat' dir='ltr'>sola</span> <span class='ocrx_word' id='word_1_180' title='bbox 1723 1585 1854 1630; x_wconf 81' lang='lat' dir='ltr'>juvant.</span> <span class='ocrx_word' id='word_1_181' title='bbox 1873 1599 1887 1611; x_wconf 68' lang='lat' dir='ltr'>n</span> 
     </span>
    </p>
   </div>
   <div class='ocr_carea' id='block_1_11' title="bbox 1137 1719 1375 1777">
    <p class='ocr_par' dir='ltr' id='par_1_12' title="bbox 1137 1719 1375 1777">
     <span class='ocr_line' id='line_1_33' title="bbox 1137 1719 1375 1777; baseline 0.008 -3"><span class='ocrx_word' id='word_1_182' title='bbox 1137 1719 1375 1777; x_wconf 87' lang='lat' dir='ltr'>XCIII.</span> 
     </span>
    </p>
   </div>
   <div class='ocr_carea' id='block_1_12' title="bbox 1168 1879 1332 1907">
    <p class='ocr_par' dir='ltr' id='par_1_13' title="bbox 1168 1879 1332 1907">
     <span class='ocr_line' id='line_1_34' title="bbox 1168 1879 1332 1907; baseline -0.006 -1"><span class='ocrx_word' id='word_1_183' title='bbox 1168 1879 1332 1907; x_wconf 69' lang='lat' dir='ltr'><strong>APER.</strong></span> 
     </span>
    </p>
   </div>
   <div class='ocr_carea' id='block_1_13' title="bbox 614 2002 1616 2134">
    <p class='ocr_par' dir='ltr' id='par_1_14' title="bbox 614 2002 1616 2134">
     <span class='ocr_line' id='line_1_35' title="bbox 614 2002 1616 2064; baseline -0.001 -16"><span class='ocrx_word' id='word_1_184' title='bbox 614 2008 706 2062; x_wconf 51' lang='grc' dir='ltr'>(ξω</span> <span class='ocrx_word' id='word_1_185' title='bbox 738 2003 1003 2048; x_wconf 82' lang='lat' dir='ltr'>Diomcdoeis</span> <span class='ocrx_word' id='word_1_186' title='bbox 1034 2002 1293 2047; x_wconf 87' lang='lat' dir='ltr'>metuendus</span> <span class='ocrx_word' id='word_1_187' title='bbox 1320 2004 1477 2063; x_wconf 85' lang='lat' dir='ltr'>setiger</span> <span class='ocrx_word' id='word_1_188' title='bbox 1503 2004 1616 2064; x_wconf 83' lang='lat' dir='ltr'>agris</span> 
     </span>
     <span class='ocr_line' id='line_1_36' title="bbox 685 2072 1486 2134; baseline -0.002 -16"><span class='ocrx_word' id='word_1_189' title='bbox 685 2073 823 2119; x_wconf 75' lang='lat' dir='ltr'>[Etola</span> <span class='ocrx_word' id='word_1_190' title='bbox 849 2073 1003 2119; x_wconf 84' lang='lat' dir='ltr'>cecidit</span> <span class='ocrx_word' id='word_1_191' title='bbox 1029 2073 1233 2134; x_wconf 82' lang='lat' dir='ltr'>cuspide,</span> <span class='ocrx_word' id='word_1_192' title='bbox 1262 2072 1358 2118; x_wconf 84' lang='lat' dir='ltr'>talis</span> <span class='ocrx_word' id='word_1_193' title='bbox 1383 2083 1486 2117; x_wconf 82' lang='lat' dir='ltr'>erat.</span> 
     </span>
    </p>
   </div>
   <div class='ocr_carea' id='block_1_14' title="bbox 613 2191 1545 2333">
    <p class='ocr_par' dir='ltr' id='par_1_15' title="bbox 613 2191 1545 2333">
     <span class='ocr_line' id='line_1_37' title="bbox 613 2191 1545 2262; baseline -0.003 -16"><span class='ocrx_word' id='word_1_194' title='bbox 613 2191 671 2254; x_wconf 67' lang='grc' dir='ltr'>ὃς</span> <span class='ocrx_word' id='word_1_195' title='bbox 703 2197 952 2262; x_wconf 74' lang='grc' dir='ltr'>Διομηδείοις</span> <span class='ocrx_word' id='word_1_196' title='bbox 979 2198 1145 2261; x_wconf 61' lang='grc' dir='ltr'>φοέερὸς</span> <span class='ocrx_word' id='word_1_197' title='bbox 1174 2196 1369 2255; x_wconf 75' lang='grc' dir='ltr'>πεδίοισι,</span> <span class='ocrx_word' id='word_1_198' title='bbox 1395 2196 1545 2261; x_wconf 71' lang='grc' dir='ltr'>σιδήρῳ</span> 
     </span>
     <span class='ocr_line' id='line_1_38' title="bbox 684 2270 1496 2333; baseline -0.004 -16"><span class='ocrx_word' id='word_1_199' title='bbox 684 2274 857 2329; x_wconf 82' lang='grc' dir='ltr'>Αἰτωλῷ</span> <span class='ocrx_word' id='word_1_200' title='bbox 883 2272 1047 2333; x_wconf 80' lang='grc' dir='ltr'>πληγεὶς</span> <span class='ocrx_word' id='word_1_201' title='bbox 1077 2273 1216 2332; x_wconf 71' lang='grc' dir='ltr'>ἤριπε,</span> <span class='ocrx_word' id='word_1_202' title='bbox 1245 2271 1407 2322; x_wconf 78' lang='grc' dir='ltr'>τηλίκος</span> <span class='ocrx_word' id='word_1_203' title='bbox 1435 2270 1496 2317; x_wconf 74' lang='grc' dir='ltr'>ἦν.</span> 
     </span>
    </p>
   </div>
   <div class='ocr_carea' id='block_1_15' title="bbox 543 2410 1220 2564">
    <p class='ocr_par' dir='ltr' id='par_1_16' title="bbox 543 2410 1220 2564">
     <span class='ocr_line' id='line_1_39' title="bbox 601 2410 1220 2450; baseline -0.006 -3"><span class='ocrx_word' id='word_1_204' title='bbox 601 2429 628 2447; x_wconf 82' lang='grc' dir='ltr'>ι.</span> <span class='ocrx_word' id='word_1_205' title='bbox 658 2412 859 2446; x_wconf 76' lang='lat' dir='ltr'>Diomedaeis.</span> <span class='ocrx_word' id='word_1_206' title='bbox 883 2411 960 2444; x_wconf 90' lang='lat' dir='ltr'>Hoc</span> <span class='ocrx_word' id='word_1_207' title='bbox 980 2418 1055 2450; x_wconf 87' lang='lat' dir='ltr'>est,</span> <span class='ocrx_word' id='word_1_208' title='bbox 1084 2410 1220 2444; x_wconf 82' lang='lat' dir='ltr'>AEtoliae</span> 
     </span>
     <span class='ocr_line' id='line_1_40' title="bbox 543 2463 1219 2512; baseline -0.006 -12"><span class='ocrx_word' id='word_1_209' title='bbox 543 2467 654 2507; x_wconf 79' lang='lat' dir='ltr'>arvis,</span> <span class='ocrx_word' id='word_1_210' title='bbox 675 2477 826 2512; x_wconf 85' lang='lat' dir='ltr'>quorum</span> <span class='ocrx_word' id='word_1_211' title='bbox 847 2464 958 2498; x_wconf 85' lang='lat' dir='ltr'>incola</span> <span class='ocrx_word' id='word_1_212' title='bbox 986 2463 1051 2496; x_wconf 88' lang='lat' dir='ltr'>fuit</span> <span class='ocrx_word' id='word_1_213' title='bbox 1076 2463 1219 2496; x_wconf 88' lang='lat' dir='ltr'>Diome-</span> 
     </span>
     <span class='ocr_line' id='line_1_41' title="bbox 544 2515 1220 2564; baseline -0.007 -11"><span class='ocrx_word' id='word_1_214' title='bbox 544 2519 604 2553; x_wconf 90' lang='lat' dir='ltr'>des</span> <span class='ocrx_word' id='word_1_215' title='bbox 623 2518 738 2564; x_wconf 74' lang='lat' dir='ltr'>Tydei</span> <span class='ocrx_word' id='word_1_216' title='bbox 760 2517 869 2558; x_wconf 85' lang='lat' dir='ltr'>filius,</span> <span class='ocrx_word' id='word_1_217' title='bbox 893 2515 937 2550; x_wconf 84' lang='lat' dir='ltr'>de</span> <span class='ocrx_word' id='word_1_218' title='bbox 956 2528 1025 2562; x_wconf 89' lang='lat' dir='ltr'>quo</span> <span class='ocrx_word' id='word_1_219' title='bbox 1048 2516 1220 2549; x_wconf 83' lang='lat' dir='ltr'>Homerus</span> 
     </span>
    </p>
   </div>
   <div class='ocr_carea' id='block_1_16' title="bbox 544 2571 1223 2658">
    <p class='ocr_par' dir='ltr' id='par_1_17' title="bbox 544 2571 1223 2658">
     <span class='ocr_line' id='line_1_42' title="bbox 544 2571 701 2606; baseline -0.006 -1"><span class='ocrx_word' id='word_1_220' title='bbox 544 2571 644 2606; x_wconf 80' lang='lat' dir='ltr'>Iliad.</span> <span class='ocrx_word' id='word_1_221' title='bbox 663 2573 701 2604; x_wconf 93' lang='lat' dir='ltr'>Z.</span> 
     </span>
     <span class='ocr_line' id='line_1_43' title="bbox 601 2622 1223 2658; baseline -0.006 0"><span class='ocrx_word' id='word_1_222' title='bbox 601 2639 632 2658; x_wconf 81' lang='lat'>2.</span> <span class='ocrx_word' id='word_1_223' title='bbox 649 2625 778 2658; x_wconf 76' lang='lat' dir='ltr'>AEtolia</span> <span class='ocrx_word' id='word_1_224' title='bbox 795 2622 871 2657; x_wconf 90' lang='lat' dir='ltr'>cod.</span> <span class='ocrx_word' id='word_1_225' title='bbox 890 2622 1025 2656; x_wconf 87' lang='lat' dir='ltr'>Beverl.</span> <span class='ocrx_word' id='word_1_226' title='bbox 1040 2644 1092 2649; x_wconf 90' lang='lat'>--</span> <span class='ocrx_word' id='word_1_227' title='bbox 1105 2622 1223 2655; x_wconf 80' lang='lat' dir='ltr'>sEtola</span> 
     </span>
    </p>
   </div>
   <div class='ocr_carea' id='block_1_17' title="bbox 1280 2407 1958 2666">
    <p class='ocr_par' dir='ltr' id='par_1_18' title="bbox 1280 2407 1958 2666">
     <span class='ocr_line' id='line_1_44' title="bbox 1281 2407 1955 2455; baseline -0.001 -13"><span class='ocrx_word' id='word_1_228' title='bbox 1281 2410 1417 2455; x_wconf 77' lang='lat' dir='ltr'>cuspide.</span> <span class='ocrx_word' id='word_1_229' title='bbox 1430 2409 1614 2455; x_wconf 79' lang='lat' dir='ltr'>Meleagri,</span> <span class='ocrx_word' id='word_1_230' title='bbox 1632 2407 1676 2442; x_wconf 85' lang='lat' dir='ltr'>de</span> <span class='ocrx_word' id='word_1_231' title='bbox 1688 2421 1759 2455; x_wconf 91' lang='lat' dir='ltr'>quo</span> <span class='ocrx_word' id='word_1_232' title='bbox 1769 2409 1829 2442; x_wconf 89' lang='lat' dir='ltr'>lib.</span> <span class='ocrx_word' id='word_1_233' title='bbox 1841 2408 1955 2454; x_wconf 86' lang='lat' dir='ltr'>Spect.</span> 
     </span>
     <span class='ocr_line' id='line_1_45' title="bbox 1281 2459 1956 2508; baseline -0.003 -13"><span class='ocrx_word' id='word_1_234' title='bbox 1281 2463 1388 2508; x_wconf 86' lang='lat' dir='ltr'>epigr.</span> <span class='ocrx_word' id='word_1_235' title='bbox 1409 2476 1464 2496; x_wconf 80' lang='lat' dir='ltr'>xv.</span> <span class='ocrx_word' id='word_1_236' title='bbox 1478 2483 1529 2488; x_wconf 74' lang='lat'>—</span> <span class='ocrx_word' id='word_1_237' title='bbox 1544 2462 1602 2496; x_wconf 91' lang='lat' dir='ltr'>Sic</span> <span class='ocrx_word' id='word_1_238' title='bbox 1624 2462 1695 2495; x_wconf 85' lang='lat' dir='ltr'>fere</span> <span class='ocrx_word' id='word_1_239' title='bbox 1712 2461 1888 2495; x_wconf 83' lang='lat' dir='ltr'>Juvenalis</span> <span class='ocrx_word' id='word_1_240' title='bbox 1910 2459 1956 2493; x_wconf 90' lang='lat' dir='ltr'>de</span> 
     </span>
     <span class='ocr_line' id='line_1_46' title="bbox 1280 2512 1958 2561; baseline -0.004 -13"><span class='ocrx_word' id='word_1_241' title='bbox 1280 2528 1365 2561; x_wconf 80' lang='lat' dir='ltr'>apro</span> <span class='ocrx_word' id='word_1_242' title='bbox 1377 2540 1386 2553; x_wconf 84' lang='lat'>,</span> <span class='ocrx_word' id='word_1_243' title='bbox 1405 2524 1442 2549; x_wconf 88' lang='lat' dir='ltr'>nt</span> <span class='ocrx_word' id='word_1_244' title='bbox 1459 2527 1539 2548; x_wconf 87' lang='lat' dir='ltr'>eum</span> <span class='ocrx_word' id='word_1_245' title='bbox 1559 2515 1725 2548; x_wconf 78' lang='lat' dir='ltr'>eximium</span> <span class='ocrx_word' id='word_1_246' title='bbox 1741 2523 1775 2548; x_wconf 91' lang='lat' dir='ltr'>et</span> <span class='ocrx_word' id='word_1_247' title='bbox 1789 2512 1958 2559; x_wconf 81' lang='lat' dir='ltr'>grandem</span> 
     </span>
     <span class='ocr_line' id='line_1_47' title="bbox 1283 2565 1958 2613; baseline -0.004 -12"><span class='ocrx_word' id='word_1_248' title='bbox 1283 2568 1476 2613; x_wconf 86' lang='lat' dir='ltr'>significet,</span> <span class='ocrx_word' id='word_1_249' title='bbox 1494 2576 1554 2601; x_wconf 83' lang='lat' dir='ltr'>sat.</span> <span class='ocrx_word' id='word_1_250' title='bbox 1571 2569 1618 2607; x_wconf 93' lang='lat' dir='ltr'>V,</span> <span class='ocrx_word' id='word_1_251' title='bbox 1635 2580 1684 2601; x_wconf 89' lang='lat' dir='ltr'>vs.</span> <span class='ocrx_word' id='word_1_252' title='bbox 1711 2580 1722 2600; x_wconf 81' lang='grc' dir='ltr'>ι</span> <span class='ocrx_word' id='word_1_253' title='bbox 1738 2567 1779 2600; x_wconf 86' lang='lat'>15</span> <span class='ocrx_word' id='word_1_254' title='bbox 1802 2579 1809 2600; x_wconf 72' lang='grc' dir='ltr'>τ</span> <span class='ocrx_word' id='word_1_255' title='bbox 1826 2583 1840 2596; x_wconf 74' lang='grc' dir='ltr'><strong>α</strong></span> <span class='ocrx_word' id='word_1_256' title='bbox 1862 2565 1958 2599; x_wconf 85' lang='lat' dir='ltr'>Flavi</span> 
     </span>
     <span class='ocr_line' id='line_1_48' title="bbox 1283 2620 1762 2666; baseline -0.002 -12"><span class='ocrx_word' id='word_1_257' title='bbox 1283 2620 1413 2666; x_wconf 84' lang='lat' dir='ltr'>dignus</span> <span class='ocrx_word' id='word_1_258' title='bbox 1433 2621 1526 2655; x_wconf 87' lang='lat' dir='ltr'>ferro</span> <span class='ocrx_word' id='word_1_259' title='bbox 1545 2620 1723 2665; x_wconf 81' lang='lat' dir='ltr'>Meleagri.</span> <span class='ocrx_word' id='word_1_260' title='bbox 1750 2638 1762 2649; x_wconf 70' lang='grc' dir='ltr'>»ι</span> 
     </span>
    </p>
   </div>
  </div>
 </body>
</html>
