2044 3292
488 231 584 292 692
1052 235 1120 276 TA
1138 236 1169 278 B
1181 235 1221 277 U
1234 235 1270 277 L
1286 235 1333 276 A.

552 318 724 352 XXVIII.
752 318 795 351 In
813 318 966 352 Cinnam
985 340 1363 349 ...............
1385 344 1390 349 .
1411 341 1683 353 ...........
1714 324 1794 369 Png,
1855 326 1899 360 25

588 372 722 405 XXIX.
752 372 804 404 De
825 371 1047 416 Hermogene
1067 371 1144 405 fure
1172 393 1785 408 ........................
1854 383 1899 414 26

606 425 723 459 XXX.
750 422 805 456 Ad
826 425 961 469 Aprum
984 445 1785 460 ...............................
1853 434 1897 465 28

589 478 725 512 XXXI.
749 477 801 509 De
817 476 936 510 Hortis
954 476 1126 510 Marcella:
1142 478 1259 511 uxoris
1269 499 1783 513 ....................
1851 487 1897 519 28

571 531 725 564 XXXII,
748 528 791 561 In
808 529 999 562 Vacerram
1009 551 1784 565 ..............................
1848 539 1896 571 3ο

551 583 723 617 ΧΧΧΙῙΙ.
748 582 802 614 De
826 581 982 616 Labieno
1007 603 1782 617 ..............................
1848 590 1891 624 32

551 636 721 669 XXXIV.
748 633 804 668 Ad
820 635 841 667 J
846 635 956 668 ulium
973 635 1172 669 Martialem
1192 657 1781 671 .......................
1847 642 1892 676 32

564 680 718 721 xxxv.
745 686 800 720 Ad
820 687 1055 722 Callistratum
1083 710 1779 724 ...........................
1847 694 1891 730 33

547 741 718 776 XXXVI.
742 740 785 773 Iu
806 741 993 774 Labullum
1005 762 1783 776 ..............................
1848 747 1892 782 33

527 795 716 829 XXXVII.
741 793 783 825 In
805 793 977 827 Nasutum
1000 815 1777 829 ..............................
1843 799 1889 842 34

504 847 714 882 XXXVIII.
739 844 795 879 Ad
813 845 1013 880 Candidum
1023 868 1776 882 .............................
1842 852 1887 888 35

541 900 710 934 XXXIX.
736 899 779 932 In
798 898 972 933 Sabellum
998 921 1774 934 ..............................
1840 906 1886 940 35

633 953 709 988 XL.
734 951 776 985 In
797 952 1035 987 Pontilianum
1046 975 1774 988 ............................
1840 960 1886 993 36

611 1006 706 1040 XLI,
733 1004 775 1038 In
794 1005 948 1040 Tuccam
966 1027 1773 1040 ...............................
1839 1011 1884 1057 37

593 1059 704 1092 XLII.
732 1058 784 1091 De
802 1058 1003 1092 Callistrato
1021 1066 1056 1091 et
1073 1058 1160 1092 Afro
1179 1081 1770 1093 .......................
1837 1064 1884 1109 37

571 1112 704 1145 XLIII.
730 1110 771 1143 In
788 1110 964 1144 Sabellum
990 1133 1769 1147 ..............................
1835 1118 1882 1151 38

570 1166 702 1198 XLIV
728 1162 783 1196 Ad
802 1164 852 1197 Μ
871 1165 1026 1198 Unicum
1039 1185 1767 1199 ...........................
1833 1171 1881 1214 39

589 1218 700 1251 XLV,
727 1215 783 1249 Ad
804 1217 975 1250 Phoebum
986 1238 1767 1252 ..............................
1834 1228 1881 1264 40

568 1271 699 1304 XLVI,
726 1268 782 1302 Ad
800 1270 991 1304 Classicum
1014 1291 1768 1306 .............................
1832 1281 1880 1317 40

549 1324 697 1357 XLVII.
724 1322 766 1355 In
788 1322 975 1357 habentem
996 1323 1112 1356 varios
1132 1336 1250 1357 mores
1274 1346 1762 1359 ..................
1831 1334 1874 1369 41

528 1376 696 1409 XLVIII.
722 1375 764 1407 In
786 1375 921 1409 lautum
940 1375 1168 1409 invitatorem
1197 1398 1523 1407 .............
1542 1405 1548 1409 ,
1568 1401 1763 1411 ........
1829 1387 1872 1423 41

566 1429 694 1463 XLIX.
723 1426 779 1460 Ad
800 1428 932 1461 Linum
951 1427 1183 1474 paedagogum
1194 1451 1764 1464 .....................
1828 1436 1875 1475 43

650 1483 694 1516 L.
720 1481 761 1513 In
784 1480 974 1514 habentem
997 1493 1150 1516 amoenas
1172 1481 1264 1516 aedes
1274 1505 1759 1517 ...................
1827 1492 1874 1529 44

632 1535 692 1569 LI,
719 1533 772 1566 De
791 1534 939 1568 Fabullo
951 1556 1762 1570 ...............................
1827 1542 1872 1581 45

615 1588 691 1621 LII.
719 1585 774 1619 Ad
795 1586 1040 1633 Semproniam
1058 1610 1655 1622 .......................
1675 1615 1683 1620 .
1702 1616 1708 1622 .
1728 1615 1736 1623 .
1755 1615 1763 1623 .
1827 1594 1873 1635 45

595 1641 692 1674 LIII.
716 1639 758 1672 In
781 1652 924 1673 avarum
948 1662 1759 1676 ...............................
1824 1651 1871 1691 47

596 1694 690 1728 LIV·
716 1692 759 1725 In
777 1693 917 1726 Zoilum
948 1715 1758 1728 ...............................
1822 1701 1869 1740 43

613 1748 690 1780 LV.
716 1744 772 1778 Ad
792 1746 926 1791 puelflas
944 1767 1756 1781 ...............................
1822 1757 1869 1797 49

594 1800 688 1833 LVI.
715 1799 757 1831 In
777 1799 1053 1845 Polycharmum
1084 1822 1758 1835 ..........................
1825 1806 1870 1839 50

574 1852 689 1887 LVII.
714 1850 770 1884 Ad
789 1851 956 1898 Sparsum
971 1873 1753 1888 ..............................
1820 1858 1838 1892 5
1850 1872 1863 1892 1

555 1905 688 1940 LVIII.
712 1903 767 1938 Ad
790 1903 961 1938 Alaudam
972 1925 1752 1941 ..............................
1819 1912 1866 1953 54

593 1959 687 1992 LIX.
713 1958 766 1990 De
785 1957 998 2004 importunis
1017 1959 1252 1993 basiatoribus
1267 1982 1754 1993 ...................
1821 1965 1866 2006 54

610 2012 685 2045 LX.
712 2009 768 2043 Ad
790 2023 895 2044 suum
915 2010 1068 2045 natalem
1078 2034 1750 2047 ..........................
1817 2019 1862 2051 55

589 2065 684 2098 LXI.
712 2064 764 2097 De
786 2064 935 2109 Ligurra
945 2086 1749 2099 ...............................
1815 2072 1860 2116 57

571 2117 685 2150 LXII.
710 2115 766 2149 Ad
782 2116 973 2151 Saturnum
991 2130 1057 2162 pro
1072 2117 1191 2153 Prisco
1206 2119 1376 2152 Terentio
1393 2142 1747 2152 ..............
1813 2124 1859 2157 58

551 2170 685 2203 LXIII.
710 2168 764 2202 Ad
781 2169 1004 2203 Cordubam.
1024 2197 1031 2201 .
1050 2192 1745 2205 ...........................
1813 2178 1858 2221 59

552 2223 682 2256 LXIV,
710 2222 762 2254 De
783 2222 898 2256 Cinna
918 2244 1747 2258 ................................
1814 2232 1859 2263 60

570 2275 682 2309 LXV.
708 2274 760 2307 De
776 2274 939 2321 Phyllide
966 2298 1400 2307 .................
1419 2301 1424 2306 .
1445 2300 1743 2310 ............
1809 2284 1853 2316 61

551 2328 682 2362 LXVI,
708 2326 765 2360 Ad
786 2328 974 2360 Amoenum
992 2349 1743 2363 .............................
1808 2337 1853 2369 62

532 2381 681 2414 LXVII.
706 2379 747 2413 In
766 2381 916 2414 natalem
931 2381 1087 2414 Maronis
1098 2404 1742 2416 .........................
1807 2388 1854 2421 63

514 2434 679 2467 LXW⁷III
706 2432 761 2466 Ad
780 2433 926 2467 clientes
936 2455 1739 2469 ...............................
1805 2443 1852 2481 64

547 2487 679 2520 LXIX·
705 2485 761 2519 Ad
779 2486 940 2520 Paullum
963 2508 1740 2522 ..............................
1805 2496 1852 2533 64

566 2539 678 2573 LXX,
705 2539 756 2572 De
777 2540 874 2585 Apro
903 2560 1737 2574 ................................
1803 2546 1849 2579 65

548 2592 677 2625 LXXI.
703 2590 758 2625 Ad
775 2591 938 2637 Lygdum
961 2614 1736 2627 ..............................
1802 2601 1848 2643 67

525 2644 677 2678 LXXII.
702 2643 757 2678 Ad
779 2644 975 2678 Pannicum
986 2666 1736 2680 .............................
1801 2653 1847 2695 67

508 2697 674 2731 LXXIII.
704 2696 758 2730 Ad
777 2697 953 2731 Catufllum
985 2719 1733 2734 .............................
1799 2705 1847 2738 68
