2044 3292
584 274 674 304 100
952 260 1009 302 M.
1034 260 1114 303 VA
1129 260 1178 303 L.

1218 258 1613 303 MARTIALIS

1210 411 1384 468 XVI.

1192 548 1384 596 ΒΑΡΑἶι

634 693 744 736 HAEC
769 690 848 734 tibi
875 689 1062 734 brumali
1092 689 1328 751 gaudentia
1353 690 1515 752 frigore
1542 706 1647 752 rapa

703 763 815 819 Quae
841 760 1019 817 damus,
1044 761 1089 805 in
1115 760 1221 806 caelo
1244 760 1460 806 Romulus
1484 778 1577 807 esse
1601 761 1721 807 solet.

629 891 688 952 Ᾰς
715 918 777 944 σοι
801 894 1046 962 γογγυῖίδας
1076 918 1290 973 χαιρουσας
1321 899 1439 961 ψύχεϊ
1465 902 1635 961 πέμπω,

698 965 835 1015 Teio-35
867 973 956 1032 μἐτ
983 972 1170 1033 οὐρανίων
1198 974 1390 1032 Ρωμύλος
1422 972 1609 1016 ἐσθίεται.

609 1106 623 1122 *
642 1111 746 1145 Nulla
762 1111 800 1145 in
820 1112 889 1145 hoc
912 1111 1162 1158 epigrammate
1178 1123 1234 1144 ex-

553 1163 712 1199 hibendo
727 1164 1020 1210 deprehenditur,
1040 1165 1112 1198 sive
1128 1177 1234 1198 mem-

552 1219 767 1261 branarum,
794 1218 866 1252 sive
893 1230 1100 1252 excusorum
1124 1218 1233 1251 libro-

551 1284 631 1305 ium
649 1271 809 1305 varietas.

608 1337 640 1358 1.
660 1324 918 1369 Gaudentiasri„
907 1336 988 1357 σοι-ε.
1004 1323 1085 1365 Quo
1101 1335 1231 1369 nempe

551 1376 709 1411 dulciora
731 1377 824 1411 fiunt
846 1385 880 1411 et
899 1379 1043 1423 majora.
1063 1376 1148 1410 Vid.
1171 1390 1230 1411 co-

548 1430 647 1476 piose
666 1430 746 1464 satis
767 1429 837 1464 de'
827 1431 867 1464 iis
884 1429 1005 1465 dicens
1019 1430 1154 1464 Plinius
1165 1430 1229 1463 lib.

550 1483 702 1525 XVIII,
723 1495 798 1529 cap.
826 1483 886 1517 13.

603 1549 636 1570 2.
656 1537 696 1570 In
715 1537 792 1570 caelo
810 1537 974 1570 Romulus.
996 1537 1084 1570 Tam
1109 1535 1228 1569 dulcia

548 1589 715 1624 nimirum
726 1615 736 1632 ‚
755 1598 795 1624 ut
808 1590 862 1624 vel
875 1589 913 1623 in
932 1589 1014 1624 caelo
1030 1589 1072 1623 iis
1094 1590 1228 1622 Romu-

1292 1112 1346 1146 lus
1362 1111 1474 1145 libens
1489 1120 1660 1146 vescatur.
1674 1133 1726 1139 —
1739 1110 1795 1146 Sic
1813 1113 1969 1158 plurimi.

1293 1164 1360 1199 Sed
1383 1165 1508 1198 melius
1527 1164 1572 1198 de
1587 1173 1792 1211 paupertate
1805 1166 1899 1199 illius
1914 1179 1973 1200 sae-

1293 1219 1362 1252 culi
1381 1218 1570 1264 intelligas,
1593 1231 1664 1264 quo
1686 1219 1855 1253 Romulus
1874 1219 1969 1253 vixe-

1292 1280 1345 1304 rat
1358 1298 1367 1312 ,
1392 1271 1488 1317 quasi
1508 1271 1677 1305 nimirum
1693 1271 1730 1305 in
1745 1272 1829 1306 caelo
1845 1271 1968 1306 iisdem

1290 1325 1377 1358 cibis
1399 1324 1553 1366 victitet,
1576 1325 1703 1370 quibus
1726 1325 1762 1358 in
1785 1333 1876 1359 terra
1898 1325 1968 1360 ale-

1289 1378 1406 1411 batur.
1423 1377 1582 1423 Namque
1600 1377 1789 1412 credidisse
1801 1377 1968 1413 videntur

1289 1430 1399 1465 Prisci
1417 1443 1489 1464 non
1512 1439 1650 1464 tantum
1672 1440 1813 1466 nectare
1834 1439 1870 1465 et
1893 1444 1967 1465 am-

1290 1484 1406 1517 brosia
1424 1482 1508 1518 deos
1526 1484 1640 1530 pasci,
1657 1497 1781 1519 verum
1800 1485 1904 1519 etiam
1921 1485 1967 1519 vi-

1290 1537 1382 1570 libus
1405 1536 1613 1582 quibusdam
1645 1538 1754 1580 cibis,
1773 1546 1813 1573 ut
1833 1539 1964 1572 Romu-

1289 1589 1364 1623 lum
1385 1590 1477 1635 rapis
1491 1616 1500 1632 ‚
1522 1598 1586 1624 etc.
1608 1591 1674 1625 ED.

1165 1725 1383 1781 XVII.

1086 1861 1412 1912 comcumff

611 2011 683 2054 NE
711 2009 788 2053 tibi
814 2007 1025 2069 pallentes
1049 2016 1257 2051 moveant
1283 2006 1455 2051 fastidia
1484 2006 1656 2063 caules,

681 2080 855 2125 Nitrata
882 2078 1032 2123 viridis
1058 2078 1248 2123 brassica
1274 2077 1350 2122 fiat
1375 2093 1498 2138 aqua.

612 2222 824 2279 Ναυτιοίᾳν
850 2216 1033 2281 κροίμέης
1064 2219 1222 2269 θαλλοῖς
1249 2219 1280 2262 εἰ
1306 2213 1458 2270 δείδιας
1489 2223 1657 2279 ὠχροῖς,

681 2287 825 2342 Τεύξαι
855 2307 924 2350 σφι
947 2291 1110 2352 χλοερὸν
1137 2296 1278 2351 χρῶτα
1302 2284 1491 2352 νιτρῶδες
1517 2285 1640 2350 ὕδωρ.

593 2424 609 2440 ”
627 2429 789 2463 Fasciculi
806 2427 885 2463 cod.
900 2428 1040 2462 Thuan.

593 2482 814 2517 —Brassicae
835 2482 925 2523 vim,
944 2479 1082 2522 laudes,
1100 2479 1212 2514 medi-

539 2536 654 2571 cinam
666 2536 753 2571 Cato
764 2535 808 2569 de
825 2536 876 2569 Re
895 2535 1034 2569 Rustica
1050 2546 1126 2580 cap.
1142 2547 1154 2567 1
1167 2534 1211 2568 56

540 2598 802 2623 commemorat.
833 2589 955 2623 Caules
981 2584 1099 2627 (unde
1129 2587 1211 2622 coli-

538 2643 631 2685 culi,
653 2656 717 2689 pro
739 2639 928 2682 cauliculi)
951 2649 1032 2676 sunt
1054 2640 1212 2675 brassicae

538 2708 616 2741 pars
635 2696 791 2730 interior.

1330 2439 1361 2461 2.
1388 2427 1510 2460 Vitiata
1535 2439 1600 2473 pro
1620 2427 1772 2467 Nitrata,
1797 2436 1831 2461 et
1843 2429 1949 2474 flatus

1272 2479 1410 2526 profiat
1423 2480 1496 2514 MS.
1511 2481 1863 2522 &vert—Nitrata,
1881 2490 1947 2517 etc.

1273 2533 1376 2567 Nitro
1404 2533 1495 2566 enim
1527 2534 1622 2567 olera
1649 2533 1819 2567 viridiora
1844 2534 1946 2570 fiunt.

1274 2586 1356 2620 Vid.
1378 2585 1421 2619 de
1443 2586 1536 2620 nitro
1556 2588 1630 2621 fuse
1648 2591 1852 2621 tractantem
1875 2588 1945 2621 Pli-

1272 2639 1370 2673 nium
1390 2640 1450 2674 lib.
1471 2640 1613 2682 XXXI,
1630 2653 1706 2686 cap.
1731 2653 1795 2681 10,
1814 2641 1874 2675 ubi
1887 2653 1945 2675 ua-

1272 2701 1384 2727 turam
1406 2695 1479 2738 ejus
1499 2702 1533 2727 et
1554 2696 1649 2727 dotes
1668 2693 1790 2739 aperit.
