2044 3292
492 189 588 249 278

878 190 935 231 M.
959 189 1097 231 VAL.
1139 190 1529 232 MARTIALIS

1045 337 1342 395 CXCIX.

1063 495 1332 524 ASTURCO.

563 623 650 665 Hrc
681 620 852 671 brevis,
876 619 931 662 ad
955 635 1184 662 numerum
1210 618 1382 680 rapidos
1413 619 1486 679 qui
1513 618 1678 680 colligit
1709 635 1900 680 ungues,

632 691 765 734 Venit
793 689 847 733 ab
877 689 1076 734 auriferis
1101 690 1329 750 gentibus,
1355 692 1488 733 Astur
1515 705 1664 750 equus.

563 831 719 880 Τυτθὸς
741 825 804 872 ὅδ’
827 830 1027 890 ἐνρύθμως
1054 834 1194 880 ὁπλαῖς
1214 825 1369 874 πεδίοιο
1390 830 1601 890 κροαίνων,

633 886 764 944 ἤλυθε
785 901 1036 961 χρυσογόνων
1058 901 1180 952 ἵππος
1201 901 1271 945 ἀπ’
1294 893 1490 960 Ᾰςυρίων.
1538 952 1540 955 .

550 1051 581 1072 1.
603 1039 725 1072 Brevis.
744 1040 833 1073 Nam
859 1040 1072 1074 brevissimae
1102 1049 1168 1074 sta-

494 1101 580 1126 turae
614 1094 826 1126 Asturcones
853 1093 960 1138 equi,
991 1105 1010 1126 a
1042 1093 1170 1140 quibus

494 1142 635 1186 (Plinio
670 1153 755 1180 teste
787 1146 850 1179 lib.
878 1146 953 1185 IX,
982 1158 1056 1192 cap.
1094 1144 1169 1187 43)

494 1211 566 1232 non
596 1198 747 1244 vulgaris
780 1199 817 1232 in
839 1211 905 1232 usu
929 1197 1057 1245 gradus
1073 1224 1082 1240 ‚
1108 1198 1170 1232 sed

495 1251 609 1285 mollis
641 1252 776 1285 alterno
810 1264 958 1285 crurum
997 1251 1169 1298 explicatu

495 1305 714 1350 glomeratio.
727 1305 843 1346 Quam
853 1305 900 1338 ob
917 1317 1072 1339 caussam
1088 1317 1171 1351 pue-

494 1357 542 1390 ris
575 1365 610 1391 et
639 1369 730 1403 equo
766 1358 900 1391 haerere
934 1356 1029 1391 haud
1061 1359 1172 1403 probe

495 1410 683 1444 scientibus
703 1410 740 1443 in
764 1423 830 1443 usu
847 1410 1070 1454 potissimum
1091 1410 1169 1444 fuit.

496 1461 701 1496 Notandum
735 1475 844 1508 porro
875 1471 925 1495 est
967 1463 1172 1497 Asturconis

494 1527 622 1549 nomen
637 1516 737 1562 equis
751 1515 956 1561 Impositum
970 1517 1030 1562 qui
1044 1529 1117 1550 non
1132 1529 1171 1550 ex

496 1569 662 1602 Asturum
690 1568 818 1602 finibus
840 1577 1007 1602 venerant
1026 1596 1034 1609 ‚
1065 1568 1172 1602 modo

1229 1042 1466 1075 Asturconum
1493 1048 1624 1073 statura
1649 1047 1683 1073 et
1710 1038 1820 1085 gradu
1852 1039 1904 1072 so-

1228 1102 1317 1127 rent.
1344 1092 1402 1127 Sic
1428 1092 1568 1126 Arbiter
1590 1104 1665 1138 cap.
1689 1094 1736 1127 86
1754 1105 1762 1126 :
1782 1110 1795 1122 ι(
1820 1093 1904 1127 Cras

1230 1158 1341 1192 puero
1372 1149 1603 1181 Asturconem
1636 1144 1905 1179 Macedonicum

1229 1200 1401 1244 optimum
1430 1198 1534 1232 daho.
1553 1217 1566 1227 υ
1589 1218 1641 1226 -—-
1656 1198 1796 1243 Rapidos
1809 1225 1817 1238 ,
1838 1206 1904 1231 etc.

1231 1252 1382 1293 Gallice,
1398 1254 1451 1297 qui
1469 1265 1512 1284 va
1529 1250 1666 1284 l'amble.

1288 1317 1319 1338 2.
1336 1305 1392 1338 Ab
1408 1306 1554 1347 auriferis
1567 1303 1722 1348 gentibus.
1741 1303 1817 1336 Hoc
1836 1311 1902 1342 est,

1231 1370 1271 1390 ex
1311 1356 1451 1391 Asturia
1490 1356 1668 1402 Hispaniae
1707 1356 1886 1401 provincia
1897 1381 1906 1397 ,

1231 1410 1292 1444 ubi
1305 1419 1386 1444 sunt
1401 1408 1618 1443 aurifodinae.
1635 1408 1714 1443 Lib.
1728 1409 1775 1452 X,
1790 1408 1898 1454 epigr.

1233 1475 1292 1496 xv1
1304 1489 1311 1501 ,
1332 1464 1351 1497 3
1369 1475 1376 1496 :
1396 1462 1547 1508 «Accipe
1560 1462 1718 1496 Callaicis
1733 1459 1907 1508 quidquid

1232 1515 1322 1550 fodit
1337 1517 1442 1549 Astur
1459 1516 1495 1549 iu
1509 1516 1609 1549 arvis.
1620 1514 1722 1548 nVid.
1743 1522 1778 1549 et
1796 1513 1905 1560 ejusd.

1233 1568 1312 1602 libri
1333 1569 1442 1614 epigr.
1461 1580 1597 1602 Lxxvn!
1617 1576 1651 1601 et
1669 1579 1760 1601 xcvr.

1144 1705 1264 1762 CC.

941 1859 1098 1888 CAN1s
1136 1859 1429 1888 VERTAGUS.
1450 1839 1465 1856 *

563 1985 670 2028 NON
701 1983 807 2039 sibi,
837 1982 912 2026 sed
943 1982 1120 2026 domino
1150 1992 1334 2026 venatur
1362 1992 1564 2043 vertagus
1591 1998 1713 2037 acer,

634 2052 824 2098 Illaesum
849 2052 1043 2114 leporem
1066 2054 1139 2113 qui
1162 2053 1237 2096 tibi
1260 2052 1387 2097 dente
1415 2052 1537 2096 feret.

564 2197 657 2255 Οὐχ
681 2199 792 2250 αὑτῷ
819 2194 940 2253 θηρᾷ,
969 2202 1028 2252 τῷ
1058 2197 1226 2255 κτ·η’τορι
1252 2188 1290 2236 δ’
1313 2190 1402 2244 ὀξὺς
1430 2195 1610 2254 ἐπακτῆρ

634 2263 766 2315 Οὗτος
797 2258 900 2314 ὀδὰξ
925 2261 1087 2312 effla&
1114 2271 1261 2308 πτῶκα
1290 2258 1464 2324 δόμονδε
1490 2266 1632 2325 φέρων.

547 2403 564 2419 ‘⁶
587 2405 685 2439 Canis
708 2405 901 2437 Ver-taracus
921 2403 1061 2437 exhibet
1087 2403 1165 2437 cod.

496 2457 570 2493 MS.
583 2457 722 2493 Beverl.

552 2524 584 2545 1.
609 2511 780 2555 Vertagus.
796 2511 880 2543 Vox
906 2509 1087 2556 peregrina
1116 2509 1167 2542 vi-

495 2563 611 2605 detur,
629 2563 673 2598 de
690 2576 758 2610 qua
772 2563 930 2598 Turneb.
946 2562 1006 2596 lib.
1024 2562 1146 2596 XVIII
1159 2587 1167 2601 ‚

1229 2415 1303 2448 cap.
1333 2416 1364 2444 1,
1388 2403 1486 2449 quasi
1519 2402 1712 2445 fertrahus,
1734 2403 1801 2436 hoc
1828 2411 1880 2446 est
1895 2429 1904 2444 ,

1229 2455 1337 2489 seram
1358 2456 1509 2491 trahens.
1527 2457 1615 2489 Item
1630 2456 1842 2490 Passeratius
1860 2454 1904 2489 de

1228 2509 1338 2542 literis
1362 2523 1368 2541 :
1394 2510 1553 2555 Vertagus
1577 2508 1709 2542 dicitur
1736 2521 1799 2555 pro
1823 2510 1903 2541 Ver-

1230 2563 1357 2601 trahas,
1381 2575 1398 2595 a
1421 2563 1491 2596 fera
1511 2561 1691 2596 trahenda.
