2044 3292
472 231 528 277 18

847 229 910 271 Μ.
933 228 1074 271 VAL.
1113 226 1505 271 MARTIALIS

674 316 818 361 Vicini
843 325 962 360 strue
988 314 1131 359 cultus
1157 313 1287 358 iliceti
1303 350 1314 366 ,

673 386 818 431 Multa
845 385 988 430 villica
1016 402 1148 447 quem
1180 394 1364 428 coronat
1389 383 1485 427 olla.

674 460 873 502 Venator
902 458 1120 518 sequitur3
1146 455 1221 500 sed
1249 454 1342 508 ille,
1372 471 1502 515 quem
1533 464 1581 498 tu

677 530 855 573 Secreta
880 529 1030 589 cupias
1056 527 1220 570 habere
1246 524 1378 586 sylva.

673 601 911 661 Dispensat
940 598 1112 660 pueris,
1141 605 1353 657 rogatque
1383 594 1538 656 longos

676 671 806 715 Levis
836 684 1001 730 ponere
1029 666 1198 712 villicus
1226 665 1418 727 capillos.

675 742 745 785 Sic
775 756 845 784 me
875 741 1024 783 vivere
1042 774 1053 794 ‚
1084 739 1146 782 sic
1169 738 1294 798 juvat
1325 737 1479 797 perire.

470 887 579 929 1617.
599 902 650 909 -——
666 880 852 926 Surgentem
865 881 973 924 focus.
997 879 1148 913 «Vicina

464 940 501 972 in
519 937 636 983 ipsum
655 935 752 980 sylva
767 932 957 968 descendet
976 933 1095 967 focum
1109 949 1123 962 n
1141 958 1150 974 ‚

463 991 526 1025 lib.
547 991 586 1031 Ι,
608 988 719 1034 epigr.
741 1000 783 1030 L,
801 1000 854 1021 vs.
876 999 935 1032 27.

518 1055 577 1076 πο.
599 1042 716 1075 Fultus
731 1039 810 1074 cod.
825 1040 960 1074 Beverl.

519 1109 536 1130 2
549 1108 580 1130 1.
598 1095 707 1129 Multa
723 1094 848 1135 villica,
867 1102 933 1127 etc.
951 1092 1066 1134 Quem
1079 1091 1144 1125 vil-

462 1152 530 1184 lica
544 1149 653 1194 cingit
669 1147 790 1181 multis
805 1147 895 1181 ollis.
913 1146 981 1180 Vel
997 1145 1053 1179 cui
1066 1145 1145 1178 foco

460 1203 578 1238 villica
604 1200 756 1247 imponit
782 1200 868 1234 ollas
888 1208 1079 1245 coquentes
1101 1196 1145 1231 ad

462 1254 611 1304 prandia
631 1262 665 1288 et
687 1266 812 1288 coenas.

521 1323 577 1343 22.
597 1308 670 1349 Ille,
693 1321 781 1354 quem
803 1315 846 1340 tu.
864 1305 1042 1339 Delicatus
1060 1303 1149 1337 adeo

465 1373 499 1398 et
521 1362 653 1403 mollis,
671 1369 710 1394 ut
737 1361 775 1393 in
803 1359 938 1393 deliciis
963 1359 1092 1392 habeas
1115 1365 1149 1390 et

464 1416 584 1462 cupias
595 1441 604 1456 ,
625 1422 690 1448 etc.

519 1469 578 1503 23.
600 1468 796 1513 Dispensant
808 1467 902 1512 pueri
919 1465 974 1498 ed.
993 1464 1096 1498 Barb.
1114 1472 1149 1497 et

463 1524 511 1557 sic
529 1522 615 1556 alios
639 1522 753 1566 legere
772 1519 908 1553 notavit
935 1517 1148 1557 Farnabius3

465 1574 562 1623 quod
582 1583 698 1608 tamen
720 1574 802 1607 satis
822 1573 973 1606 obscuro
994 1583 1110 1604 sensu.

521 1632 580 1669 24.
598 1628 767 1673 Rogatque
781 1627 905 1671 longos.
920 1624 1071 1658 Villicus
1085 1636 1149 1657 no-

1209 879 1332 913 vacula
1361 890 1478 919 rasus,
1506 885 1608 923 rogat
1633 875 1823 910 dominum
1854 887 1891 911 ut

1210 931 1313 965 liceat
1353 931 1471 977 pueris
1510 930 1688 976 deponere
1722 930 1867 976 capillos
1882 954 1892 967 ,

1211 983 1312 1030 quod
1328 984 1467 1030 signum
1481 992 1555 1017 erat
1573 984 1727 1017 emeritae
1745 996 1815 1017 suae
1832 984 1896 1017 mi-

1211 1037 1295 1071 litiae
1307 1064 1316 1080 ,
1331 1046 1372 1070 ut
1384 1038 1456 1083 jam
1470 1038 1506 1070 in
1522 1037 1616 1071 viros
1630 1037 1830 1082 transcripti
1843 1038 1892 1070 rei

1204 1091 1344 1125 rusticae
1375 1089 1462 1124 dent
1493 1103 1649 1136 operam.
1676 1090 1893 1124 Ramiresius

1206 1143 1251 1178 ad
1277 1144 1340 1177 lib.
1373 1144 1448 1184 III,
1468 1143 1579 1189 epigr.
1602 1155 1697 1178 Lvn1
1728 1143 1893 1188 intelligit

1209 1198 1326 1243 ipsum
1341 1197 1499 1230 villicum
1513 1196 1627 1230 levem
1645 1208 1767 1241 rogare
1783 1194 1896 1229 domi·
1958 1202 1962 1205 '

1209 1263 1319 1291 num,
1348 1258 1385 1282 ut
1409 1250 1479 1283 hoc
1506 1250 1573 1283 sibi
1598 1249 1711 1283 liceat.
1732 1247 1826 1282 Vide
1851 1261 1894 1283 an

1210 1304 1280 1337 huc
1298 1303 1399 1336 faciat
1416 1301 1506 1336 illud
1523 1302 1652 1336 Catulli
1666 1303 1702 1335 in
1719 1303 1895 1348 Epithala-

1209 1357 1283 1390 mio
1294 1383 1303 1398 ,
1315 1355 1527 1390 «Sordebam
1538 1355 1602 1388 tibi
1612 1382 1620 1397 ‚
1631 1356 1749 1389 villice
1758 1358 1895 1390 Concu-

1209 1410 1292 1443 bine
1304 1435 1313 1450 ‚
1332 1407 1439 1442 hodie
1451 1417 1554 1454 atque
1570 1409 1659 1442 heri.
1673 1409 1777 1442 Nunc
1790 1417 1892 1443 tuum

1209 1463 1406 1497 cinerarius
1418 1462 1559 1496 Tondet
1571 1475 1623 1495 os.
1633 1463 1798 1496 »-—Levis
1810 1463 1897 1495 villi-

1209 1530 1275 1556 cus,
1297 1516 1354 1550 cui
1370 1516 1457 1549 nihil
1478 1515 1594 1549 adhuc
1613 1524 1686 1549 erat
1702 1515 1895 1561 lanuginis,

1211 1568 1511 1616 quemadmodum
1532 1569 1622 1602 laeves
1640 1582 1755 1614 pueros
1780 1569 1897 1614 posuit

1210 1623 1273 1657 lib.
1296 1623 1370 1664 XI,
1392 1622 1505 1668 epigr.
1531 1633 1621 1656 xxn.

1091 1740 1267 1797 XIX.

1013 1892 1077 1920 DE
1117 1890 1343 1920 AEMILIO.

538 2007 594 2050 IN
619 2003 803 2048 thermis
830 2001 962 2045 sumit
989 1999 1204 2054 lactucas,
1229 2013 1337 2054 ova,
1363 1996 1603 2053 lacertum,

611 2076 669 2119 Et
694 2088 868 2117 coenare
894 2070 1001 2114 foris
1029 2086 1074 2114 se
1099 2078 1232 2130 negat
1257 2066 1465 2112 AEmilius.

529 2225 560 2247 1.
578 2212 618 2246 In
634 2212 771 2243 thermis.
790 2207 926 2242 Divites
945 2206 986 2239 iis
1004 2205 1154 2251 quibus-

472 2279 554 2302 cum
569 2265 733 2299 lavabant
747 2263 846 2296 cibos
863 2272 994 2306 paucos
1011 2267 1044 2292 et
1062 2260 1156 2292 leves

471 2321 508 2354 in
528 2319 612 2366 ipsis
632 2316 779 2351 thermis
798 2314 1077 2348 distribuebant:
1092 2312 1156 2345 hos

471 2373 633 2407 AEmilius
646 2369 814 2410 vorabat,
831 2368 877 2401 ita
892 2375 931 2400 ut
951 2366 981 2399 ei
998 2378 1071 2398 non
1086 2366 1157 2411 jam

471 2437 612 2460 necesse
632 2424 727 2457 foret
744 2432 881 2456 coenare
896 2420 999 2453 foris:
1016 2418 1158 2462 interim

470 2478 686 2526 praedicabat
706 2488 742 2510 se
759 2487 831 2509 non
849 2481 991 2519 captare
1010 2471 1159 2505 alienam

470 2544 605 2567 coenam
619 2557 628 2573 ,
643 2528 743 2576 quasi
759 2525 910 2575 perinde
926 2538 997 2559 non
1019 2532 1107 2558 esset
1123 2524 1160 2557 in

471 2585 594 2619 alienis
614 2582 748 2617 aedibus
767 2592 916 2615 coenare.
935 2578 1054 2624 Epigr.
1073 2590 1160 2618 Lxx,

470 2639 563 2673 infra
574 2663 584 2682 ‚
601 2636 647 2671 de
661 2637 776 2682 Apro:
790 2651 804 2664 ι
821 2632 968 2668 Sobrius
983 2644 1000 2666 a
1016 2630 1162 2664 thermis

1215 2204 1328 2238 nescit
1359 2203 1455 2237 abire
1487 2203 1645 2238 domum.
1670 2221 1684 2234 u
1712 2226 1764 2231 —
1781 2206 1901 2239 Lactu-

1217 2271 1269 2290 cas
1280 2284 1288 2297 ,
1306 2271 1363 2290 0ιά
1376 2284 1384 2296 ,
1404 2258 1564 2290 lacertum.
1582 2257 1675 2303 Ergo
1694 2271 1767 2292 non
1780 2285 1788 2299 ,
1804 2259 1901 2293 velut

1216 2323 1281 2357 par
1300 2319 1370 2350 est,
1388 2304 1523 2356 aliquid
1540 2309 1709 2344 duntaxat
1722 2311 1808 2346 libat
1830 2325 1900 2357 quo

1223 2381 1237 2394 a
1251 2364 1431 2397 stomacho
1444 2363 1585 2397 accedat
1601 2364 1732 2397 fultura
1750 2365 1868 2398 ruenti
1883 2382 1896 2395 »

1221 2412 1373 2460 (notum
1393 2417 1488 2450 enim
1505 2441 1516 2458 ‚
1534 2429 1611 2462 quae
1629 2426 1794 2462 sequatur
1810 2419 1901 2452 lava-

1219 2471 1351 2504 tionem
1374 2469 1557 2511 debilitas,
1578 2470 1771 2514 praesertim
1795 2471 1821 2504 si
1845 2483 1901 2505 ca-

1219 2522 1300 2556 lidis
1323 2523 1443 2568 aquis,
1464 2522 1492 2556 si
1514 2523 1677 2557 laconicis
1699 2536 1827 2570 corpus
1854 2523 1903 2557 fo-

1220 2570 1379 2619 veatur);
1404 2574 1465 2609 sed
1483 2575 1688 2609 convivium
1709 2585 1823 2610 totum
1842 2577 1902 2610 ab-

1224 2630 1428 2663 sumebatur
1450 2629 1523 2673 ejus
1543 2629 1709 2674 ingluvie.
1727 2630 1793 2663 En.
1877 2620 1880 2621 ⁷
