2044 3292
543 230 603 274 92
923 218 983 260 M.
1010 219 1148 261 VAL.
1190 221 1580 265 MARTIALIS

1189 370 1308 426 ΙΙΙ.

1023 525 1092 553 AD
1131 507 1467 555 LECTOREM*

612 652 770 693 OMNIS
801 650 842 692 in
873 650 957 694 hoc
984 650 1133 711 gracili
1155 653 1398 695 Xeniorum
1426 653 1553 696 turba
1582 653 1727 699 libello

682 720 912 763 Constabit
936 723 1124 765 nummis
1148 731 1336 783 quatuor
1361 732 1507 784 empta
1531 724 1620 767 tibi.

613 792 818 846 Quatuor
846 801 910 835 est
940 792 1120 835 nimium
1143 810 1152 836 :
1178 794 1341 854 poterit
1370 804 1570 838 constare
1594 794 1787 847 duobus,

681 862 739 904 Et.
768 861 897 905 faciet
926 861 1094 907 lucrum
1123 863 1359 925 bibliopola
1379 865 1601 926 Tryphon.

552 942 553 945 ’
612 932 715 974 Haec
740 931 838 976 licet
864 933 1107 995 hospitibus
1133 951 1213 996 pro
1241 952 1422 979 munere
1448 935 1633 980 disticha
1663 937 1830 993 mittas,

683 1004 726 1046 Si
752 1003 828 1046 tibi
854 1013 941 1048 tam
969 1021 1118 1056 rarus,
1142 1021 1271 1066 quam
1302 1006 1432 1060 mihi,
1459 1023 1665 1051 nummus
1690 1008 1782 1051 erit.

610 1072 769 1117 Addita
797 1091 875 1135 per
900 1074 1050 1120 titulos
1082 1092 1159 1120 sua
1186 1078 1362 1120 nomina
1387 1077 1516 1120 rebus
1543 1077 1745 1133 babebis3

684 1145 920 1190 Praetereas
937 1182 948 1199 ,
976 1148 1009 1190 si
1038 1147 1141 1207 quid
1165 1164 1253 1191 non
1282 1147 1386 1192 facit
1408 1147 1463 1191 ad
1493 1148 1782 1192 stomachum.

599 1282 609 1293 *
624 1283 685 1316 Ad
697 1283 838 1316 lectorem
858 1285 984 1318 lemma
1008 1294 1058 1318 est
1077 1285 1113 1318 in
1136 1285 1217 1319 edd.

546 1336 626 1368 libr.
653 1337 840 1378 omnibus,
860 1338 1010 1383 excipias
1032 1337 1139 1372 modo
1163 1338 1218 1372 ed.

545 1389 646 1422 Bar-b.
667 1390 703 1422 in
723 1402 789 1435 qua
814 1391 875 1424 Ad
890 1391 1037 1424 eumdem.

596 1464 645 1469 —-—
668 1443 826 1476 Pretium
853 1453 886 1477 et
908 1453 1150 1490 argumentum
1178 1445 1219 1478 li-

543 1496 622 1528 belli
644 1496 815 1541 significat
833 1509 841 1530 ε
862 1498 1016 1543 pretium
1038 1507 1088 1531 est
1111 1499 1220 1544 gemi-

543 1561 607 1581 nus
620 1561 787 1582 nummus
799 1562 859 1583 seu
875 1551 1077 1584 victoriatus
1093 1563 1103 1592 ;
1118 1564 1219 1597 argu-

543 1610 720 1643 mentum,
747 1603 858 1636 Xenia
888 1603 1048 1638 distichis
1075 1605 1220 1649 singulis

542 1655 805 1700 comprehensa.

602 1721 630 1741 1.
652 1709 829 1742 Xeniorum
842 1737 851 1751 ,
873 1718 937 1744 etc.
954 1709 1047 1744 Vide
1064 1723 1141 1756 quae
1160 1724 1221 1743 no-

544 1763 691 1795 tavimus
715 1761 760 1795 de
789 1775 917 1809 genere
949 1764 1017 1797 hoc
1048 1765 1219 1810 epigram-

543 1823 677 1848 matum
691 1814 733 1848 ad
745 1816 1012 1863 inscriptionem
1022 1818 1104 1850 libri
1115 1818 1219 1863 hujus

545 1881 619 1914 pag.
643 1870 701 1911 89.

598 1927 631 1962 4.
658 1923 819 1967 Tryphon.
844 1923 1042 1970 Bibliopola
1067 1924 1108 1957 iis
1131 1932 1218 1957 tem-

545 1976 689 2020 poribus
713 1976 890 2022 praecipue
909 1978 1059 2018 celeber,
1079 1976 1124 2010 de
1147 1990 1219 2023 quo

540 2029 610 2073 jam
632 2028 692 2061 lib.
715 2030 780 2070 IV,
802 2030 910 2075 epigr.
932 2043 1040 2072 LXX13
1064 2039 1098 2063 et
1116 2031 1218 2063 Tom.

547 2082 581 2121 [‚
602 2094 635 2127 p.
657 2082 702 2115 35
726 2091 817 2116 nost.
840 2083 1063 2124 Quintiliani.
1077 2084 1144 2116 En.

599 2134 783 2168 &Disticha
795 2135 998 2170 mittasNicl.
1010 2149 1130 2170 rursus
1141 2149 1219 2183 qucc

542 2187 693 2221 diximus
720 2188 821 2222 initio
847 2189 952 2234 hujus
978 2189 1086 2222 libri:
1107 2190 1217 2223 Xenia

542 2241 674 2286 quippe
691 2242 888 2287 hospitibus
910 2243 1002 2275 mitti
1022 2243 1189 2276 solebant.

597 2296 631 2328 6.
645 2294 684 2327 Si
698 2295 754 2328 tihi
769 2302 846 2335 eam,
862 2303 927 2329 etc.
944 2296 1076 2329 Malum
1088 2296 1218 2330 scilicet

542 2347 705 2381 omnibus
724 2348 794 2381 fere
812 2349 924 2394 poetis
944 2349 1124 2383 familiare.

597 2414 629 2445 7.
646 2401 744 2434 Cadit
755 2414 820 2447 pro
838 2402 974 2435 Addita.
988 2403 1062 2436 MS.
1081 2403 1215 2436 Beverl.

541 2453 646 2496 Quod
660 2455 810 2498 probare
823 2454 963 2488 videtur
976 2482 984 2497 ‚
1002 2456 1048 2489 ob
1065 2468 1215 2489 caussam

541 2507 706 2541 omnibus
737 2508 874 2541 obviam
887 2535 896 2550 ‚
927 2521 990 2541 nos
1027 2517 1122 2542 recte
1156 2509 1217 2542 iri-

541 2561 649 2594 buere
670 2561 849 2595 varietates
863 2560 974 2595 codici
987 2561 1217 2595 BeverlNide

1279 1298 1356 1331 quae
1380 1285 1531 1319 diximus
1554 1284 1597 1318 ad
1621 1286 1713 1327 XII,
1742 1298 1805 1318 Lxx
1820 1311 1829 1327 ,
1854 1299 1865 1318 ι
1888 1311 1897 1326 ,
1920 1294 1954 1318 et

1278 1339 1420 1372 consule
1444 1339 1526 1372 alias
1553 1339 1719 1385 l1uj.MS.
1753 1338 1933 1372 varietates
1949 1365 1957 1379 ‚

1279 1400 1317 1425 ut
1335 1400 1489 1425 nostram
1508 1391 1716 1425 sententiam
1735 1400 1794 1425 aut
1815 1390 1956 1424 damnes

1280 1453 1339 1478 aut
1363 1445 1560 1479 confirmes.
1603 1445 1777 1478 Caeterum
1810 1457 1852 1477 ex
1888 1444 1956 1478 lioc

1279 1498 1527 1543 epigrammate
1549 1498 1728 1543 aequalitcr
1751 1497 1862 1531 diviso
1884 1497 1956 1531 duo

1279 1551 1409 1584 conflat
1430 1550 1485 1584 ed.
1514 1551 1613 1585 Barb.
1634 1560 1668 1584 et
1688 1552 1762 1585 baec
1783 1550 1858 1584 duo
1877 1551 1957 1584 facit

1278 1613 1318 1638 ut
1342 1603 1504 1637 eumdem
1523 1605 1663 1638 titulum
1682 1617 1756 1650 prae
1777 1617 1812 1638 se
1831 1604 1954 1638 ferant.

1279 1658 1390 1690 Obliti
1419 1671 1554 1691 eramus
1582 1666 1705 1691 notare
1731 1657 1779 1690 sic
1804 1657 1957 1690 scribere

1280 1711 1331 1743 De
1343 1712 1431 1756 Rooy‘
1443 1710 1486 1744 ad
1499 1725 1547 1745 vs.
1566 1711 1599 1744 3.
1619 1728 1632 1741 «
1646 1711 1769 1756 Longe
1781 1710 1956 1744 venustius

1280 1760 1291 1804 [
1305 1776 1350 1797 sc.
1371 1777 1475 1810 quam
1502 1766 1650 1808 Quatuor
1667 1772 1713 1796 est
1728 1765 1856 1796 nimium
1874 1777 1929 1808 πμ.
1944 1760 1955 1805 ]

1278 1817 1471 1851 Scriverius
1489 1819 1532 1862 O.
1551 1826 1596 1849 est
1615 1819 1741 1849 ηἱηιίιιιη
1753 1822 1772 1849 ‚³
1781 1830 1815 1862 p.
1834 1817 1957 1849 Malim

1279 1878 1394 1904 tamen
1417 1871 1592 1915 Οιιαιᾞυν,ο
1605 1879 1651 1903 est
1669 1872 1806 1903 nimium.
1821 1870 1863 1902 P.
1881 1886 1893 1898 »
1913 1870 1957 1902 Et

1278 1923 1369 1957 hanc
1392 1923 1530 1957 emend.
1551 1924 1637 1957 tanti
1657 1923 1802 1957 aestimat
1827 1923 1956 1955 amicus

1279 1977 1359 2010 Viri
1373 1977 1415 2010 cl.
1429 1978 1480 2010 De
1492 1978 1583 2024 Rooy
1595 1977 1630 2010 in
1648 1977 1792 2023 epistola
1811 1975 1853 2009 ad
1875 1988 1954 2008 eum

1278 2030 1405 2075 scripta
1425 2056 1434 2071 ‚
1458 2039 1497 2063 ut
1519 2029 1612 2063 dicat
1627 2054 1636 2071 ‚
1659 2029 1817 2076 quamvis
1835 2040 1955 2062 emen-

1278 2082 1455 2116 dationem
1489 2084 1564 2129 ipse
1595 2083 1725 2116 eruerit
1738 2109 1746 2124 ‚
1777 2090 1891 2115 tamen
1921 2094 1958 2115 se

1277 2136 1377 2170 fateri
1392 2136 1612 2170 restitutione
1626 2138 1698 2181 ejus
1715 2135 1802 2169 adeo
1821 2135 1955 2168 effasci-

1278 2198 1400 2222 natum
1413 2216 1421 2232 ,
1438 2199 1478 2223 ut
1493 2189 1591 2222 ssocci
1612 2190 1791 2235 propriam
1804 2200 1875 2234 prae
1898 2188 1954 2221 illa

1276 2242 1532 2288 pendat.--Pe1·
1544 2243 1661 2275 titulos.
1681 2243 1858 2276 Lemmata
1871 2268 1881 2284 ,
1896 2254 1955 2275 seu

1277 2304 1480 2342 argumenta
1498 2296 1655 2341 intellige
1669 2308 1742 2329 uno
1755 2295 1862 2328 verbo
1876 2306 1957 2327 con-

1277 2350 1413 2383 stantia.

1331 2397 1365 2436 8.
1384 2403 1547 2446 Nonsacie
1558 2401 1812 2434 adstomaclcum.
1824 2400 1900 2433 Hoc
1912 2399 1956 2433 de

1277 2457 1347 2490 suis
1370 2456 1526 2489 versibus
1555 2454 1641 2488 dicit
1666 2454 1791 2495 Poeta;
1816 2452 1875 2487 sed
1905 2453 1958 2487 al-

1277 2508 1370 2542 ludit
1399 2507 1441 2541 ad
1479 2509 1652 2541 esculenta
1673 2533 1682 2548 ,
1716 2519 1792 2553 quae
1823 2506 1859 2539 in
1888 2506 1955 2539 hoc

1280 2563 1461 2595 xeniorum
1490 2562 1582 2595 libro
1605 2560 1865 2594 describuntur.
