1901 3259
340 209 921 253 EPIGRAMMATUM
956 208 1081 250 LIB.
1120 207 1255 249 XIV.

1402 204 1496 265 267

595 359 996 418 CLXXXII.

366 516 651 546 SIGILLUM
690 516 927 546 GIBBERI
966 493 1239 544 merua*

168 644 339 685 EBRIUS
369 641 462 686 haec
492 641 594 686 fecit
623 643 746 685 terris
775 651 881 702 puto
912 650 1105 685 monstra
1134 639 1445 692 Prometheus3

240 711 528 756 Saturnalicio
554 711 655 757 lusit
678 722 720 755 et
743 713 834 773 ipse
857 711 961 756 luto.

170 847 318 894 Τοὶαδε
347 859 438 912 γοῦν
465 852 518 895 τὰ
538 854 635 912 τέρα
656 853 806 911 μεθύων
837 853 1029 899 πεποίηκε
1050 851 1283 911 Προμηθεὺς
1298 885 1309 901 ,

239 921 302 964 Τὰ
328 922 449 982 Κρόνί
469 918 669 983 ἐμπαίζειν
696 927 822 970 πῆλον
850 919 1111 982 ἀνωξοίμενος.

151 1068 165 1082 ”
196 1071 345 1116 Sigillum
379 1071 504 1106 Giberii
532 1071 637 1117 fictile
667 1072 771 1106 habet

99 1124 178 1159 edd.
202 1125 279 1158 Par.
310 1127 422 1171 1617.
449 1137 554 1171 quam
578 1134 772 1171 sequuntur

99 1178 225 1224 Delph.
240 1178 386 1212 Farnab.
401 1178 516 1212 Maitt.
530 1177 626 1220 Quid
640 1178 668 1212 si
682 1178 772 1224 legas

99 1230 230 1276 &gret-t?
251 1231 376 1277 quaerit
398 1239 585 1266 annotator
606 1232 641 1264 in
663 1244 771 1277 marg.

102 1283 156 1317 ed.
180 1284 257 1317 Par.
281 1286 390 1329 1617.

157 1348 185 1369 1.
204 1337 311 1370 Fortis
327 1349 392 1382 pro
410 1339 498 1370 terris
514 1336 592 1371 cod.
609 1337 645 1370 in
662 1350 771 1383 marg.

101 1388 209 1434 ejusd.
231 1388 284 1423 ed.
308 1390 370 1423 ubi
391 1398 574 1424 annotator
592 1392 683 1436 conj.
700 1392 772 1433 sor·-

103 1445 171 1476 mis.
193 1464 243 1469 —
263 1444 477 1476 Prometheus·
503 1444 605 1477 Unus
637 1456 654 1476 e
675 1444 772 1477 Tita-

101 1507 187 1528 num
199 1496 444 1538 celeberrimis,
460 1496 521 1542 qui
535 1497 714 1530 hominem
732 1510 772 1530 ex

102 1548 176 1581 luto
187 1548 320 1594 primus
332 1549 472 1583 finxisse
484 1548 624 1590 dicitur,
635 1558 669 1583 et
679 1549 772 1596 apud

103 1601 247 1635 Veteres
269 1602 443 1635 Creatoris
464 1603 544 1636 loco
566 1603 771 1636 habebatur.

103 1654 238 1687 Volunt
252 1654 394 1699 plurimi
415 1663 528 1689 tamen
549 1657 663 1701 ignem
686 1655 773 1689 divi-

103 1719 190 1739 num
213 1706 320 1740 modo
335 1733 344 1749 ,
366 1708 433 1741 hoc
450 1717 517 1749 est,
538 1708 689 1741 animam
707 1709 773 1742 hu-

103 1772 206 1792 mano
234 1761 374 1805 corpori
394 1760 522 1794 illatam
535 1788 544 1801 ‚
563 1760 658 1806 quod
678 1770 774 1794 ante-

103 1812 168 1845 hac
186 1812 287 1845 bruta
303 1814 412 1846 moles
428 1822 512 1847 erat.
529 1814 693 1847 Horatius
711 1814 771 1846 lib.

105 1866 141 1905 I,
164 1864 233 1898 Od.
256 1877 335 1907 xvr,
358 1865 399 1898 13
418 1878 426 1899 :
448 1883 461 1895 «
477 1866 603 1899 Fertur
631 1866 774 1899 Prome-

103 1917 207 1951 theus
237 1917 364 1952 addere
392 1919 546 1964 principi
566 1919 674 1952 ,Limo
701 1931 776 1952 coa-

104 1978 179 2003 ctus
186 1971 390 2016 particulam
400 1971 775 2017 undiqueDesectam.»

104 2023 231 2056 Ebrius
246 2032 361 2057 autem
385 2024 451 2057 hoc
472 2033 695 2069 portentum,
716 2037 775 2058 seu

103 2075 286 2109 hominem
321 2077 504 2122 gibbosum
537 2078 641 2117 fecit..
677 2080 776 2123 cujus

105 2128 256 2174 sigillum
279 2139 351 2163 erat
373 2131 410 2163 in
434 2130 670 2164 Saturnaliciis
697 2144 774 2164 mu-

105 2181 258 2216 neribus.
282 2183 349 2215 Alii
373 2184 482 2216 aliter.
503 2184 553 2216 Ex
576 2184 690 2217 Plinio
715 2184 776 2217 lib.

106 2234 276 2276 XXXIV,
295 2248 368 2281 cap.
389 2236 407 2269 3
423 2249 430 2269 :
454 2254 466 2265 «
482 2235 670 2282 Clesippus
692 2237 778 2269 fullo

108 2285 320 2332 fuitgibbere
331 2297 364 2322 et
374 2289 440 2322 alio
451 2288 563 2323 foedus
573 2289 751 2335 adspectu,
760 2308 773 2319 »

831 1074 887 1106 cui
914 1072 1034 1117 nupsit
1058 1071 1210 1117 Gegania
1233 1071 1359 1105 mulier
1380 1070 1506 1116 praedi-

832 1138 890 1159 ves
923 1138 931 1159 :
962 1126 1021 1158 ille
1049 1137 1133 1158 vero
1162 1124 1347 1170 Clesippus
1375 1132 1507 1157 naturae

831 1187 1039 1224 portentum
1055 1186 1106 1212 est
1118 1177 1302 1223 effigiatus,
1317 1177 1433 1222 inquit
1445 1177 1509 1209 Ra-

832 1230 957 1273 derus,
987 1232 1022 1264 in
1055 1244 1159 1277 quam
1188 1231 1339 1276 effigiem
1368 1237 1418 1263 est
1442 1232 1509 1263 hoc

831 1284 1053 1330 epigramma.
1077 1306 1126 1310 -
1149 1284 1257 1329 Origo
1279 1283 1383 1329 hujus
1405 1283 1507 1328 sigilli

831 1338 914 1371 hinc
941 1346 1016 1371 orta
1045 1350 1054 1371 :
1082 1337 1235 1382 Gegania
1260 1335 1430 1382 praedives
1458 1336 1508 1369 fe-

831 1391 926 1424 mina
947 1391 1196 1424 candelabrum
1225 1390 1310 1423 emit
1335 1389 1453 1422 nobile
1478 1390 1507 1421 L

832 1444 1015 1484 sestertiis,
1037 1456 1075 1477 ea
1096 1452 1211 1476 tamen
1238 1444 1312 1488 lege
1341 1451 1379 1476 ut
1403 1442 1508 1476 simul

833 1498 934 1530 etiam
948 1510 1062 1530 emere
1075 1495 1218 1530 deberet
1231 1497 1433 1542 Clesippum
1444 1495 1509 1528 ful-

832 1550 965 1591 lonem,
988 1558 1181 1584 monstrum
1205 1549 1376 1589 hominis,
1403 1548 1508 1593 gibbo

834 1602 977 1636 foedum.
998 1604 1119 1637 Postea
1140 1611 1254 1636 tamen
1273 1602 1428 1647 Gegania
1443 1613 1507 1634 suo

833 1656 998 1702 Clesippo
1026 1656 1165 1701 nupsit,
1190 1667 1340 1700 eumque
1361 1667 1441 1687 mox
1466 1666 1506 1687 ex

834 1721 905 1743 asse
921 1709 1059 1754 scripsit
1080 1707 1252 1742 haeredem
1270 1720 1277 1741 z
1298 1708 1356 1753 qui
1380 1706 1506 1752 praedi-

833 1774 891 1794 ves
911 1763 981 1807 jam
1005 1760 1255 1794 candelabrum
1276 1760 1385 1801 illud,
1407 1761 1509 1804 cujus

833 1813 1003 1847 beneficio
1017 1823 1153 1859 emptus
1164 1822 1254 1853 erat,
1266 1814 1342 1847 loco
1356 1813 1508 1846 numinis

834 1866 953 1899 coluit.
971 1867 1113 1900 Femina
1128 1867 1211 1899 hinc
1225 1879 1358 1899 summa
1374 1866 1512 1898 labora-

834 1919 894 1952 bat
912 1920 1072 1960 infamia,
1091 1921 1232 1965 ejusque
1251 1919 1365 1953 virum
1384 1919 1429 1951 ob
1447 1917 1508 1951 de-

835 1972 1047 2006 formitatem
1068 1973 1134 2005 hoc
1154 1974 1400 2017 epigrammate
1417 1970 1509 2004 deri-

835 2024 913 2066 det;
930 2034 964 2058 et
982 2025 1082 2059 simul
1095 2026 1230 2072 jocatur
1246 2034 1347 2070 poeta
1365 2025 1401 2057 in
1422 2025 1508 2057 Pro-

836 2078 1036 2120 metheum,
1070 2079 1130 2123 qui
1162 2079 1343 2111 hominem
1380 2090 1398 2111 e
1436 2078 1509 2110 luto

836 2132 998 2164 formavit
1026 2131 1214 2176 pulchrum
1245 2141 1279 2165 et
1303 2139 1511 2172 venustum;

836 2183 933 2230 quod
956 2183 1049 2217 idem
1068 2185 1127 2218 ille
1148 2185 1264 2218 ebrius
1285 2193 1318 2218 et
1337 2185 1373 2217 in
1393 2184 1511 2217 Satur-

837 2238 977 2271 nalibus
1008 2237 1212 2284 Clesippum
1242 2238 1420 2283 gibberem
1452 2237 1512 2270 foe-

839 2289 993 2336 dumque
1012 2299 1152 2338 aspectu
1170 2291 1320 2325 finxerit.
1341 2291 1456 2323 Rader.
