1901 3259
358 225 948 269 EPIGRAMMATUM
985 226 1112 270 LIB.
1150 225 1268 270 XII.
1500 227 1526 272 3

111 329 208 375 quae
221 321 392 357 tantum
415 312 548 375 apud¹
560 323 602 357 te
616 330 704 357 non
719 313 1042 375 periclitantur,
1059 313 1304 376 diligenter²
1319 316 1532 362 aestimare

111 394 156 428 et
180 393 383 428 excutere
407 401 497 428 non
524 385 742 446 graveris3
765 394 834 441 et,
859 385 977 445 quod
997 385 1074 429 tibi
1091 377 1416 430 difficillimum3
1443 397 1532 443 est,

112 454 166 499 de
195 455 321 516 nugis
349 456 508 500 nostris
540 455 708 516 judices
739 456 879 499 nitore
906 448 1137 517 seposito&
1167 474 1222 501 ne
1254 459 1468 515 Romam,
1495 460 1530 503 si

112 527 173 569 ita
198 517 485 583 decreveris⁵,
515 543 606 570 non
625 518 979 588 Hispaniensem6
995 527 1154 571 librum
1180 529 1428 583 mittamus,
1455 529 1531 573 sed

112 597 371 658 Hispanum.

113 735 279 777 deuntes,
310 745 369 770 aut
400 737 505 782 longo
535 736 720 770 intervallo
750 736 794 770 ad

114 802 179 824 1105
195 790 387 823 venientes.

169 856 202 876 1.
216 844 411 876 -Tantum
427 842 529 887 apud,
548 849 615 876 etc.
639 842 721 875 Non
738 854 793 875 so-

112 895 186 929 lum
203 895 297 941 apud
316 904 348 928 te
364 895 422 928 cui
437 895 511 927 haec
529 894 663 935 scribo,
680 894 742 928 sed
761 904 794 929 et

112 947 207 994 apud
225 949 308 981 alios
329 948 456 993 quibus
475 956 620 993 propter
640 955 673 980 te
690 948 792 980 inno-

113 1009 257 1034 tescent.
280 1001 346 1033 Vel
371 1012 379 1033 :
403 1001 485 1033 Nou
506 1008 642 1033 tantum
668 1000 795 1045 judicii

114 1063 148 1088 et
180 1066 332 1087 censurae
371 1053 569 1098 periculum
605 1052 699 1098 apud
737 1061 770 1086 te
784 1079 792 1094 ‚

112 1108 212 1151 cujus
225 1105 376 1140 candore
394 1107 502 1139 fretus
521 1119 596 1139 sum
607 1132 616 1148 ‚
631 1106 793 1147 inibunt,

112 1169 285 1206 quantum
326 1158 419 1205 apud
458 1159 542 1192 alios
584 1172 657 1192 non
698 1171 794 1205 aeque

113 1225 230 1259 aequos
252 1220 287 1246 et
309 1211 488 1246 candidos.
503 1212 688 1246 —Melius
704 1212 772 1246 hoc
784 1239 793 1254 ,

113 1279 186 1299 non
209 1274 326 1299 tamen
349 1265 537 1311 optimum.
558 1266 648 1298 Nam
671 1278 794 1298 sensus

114 1329 166 1353 est
178 1331 186 1353 :
198 1319 254 1352 Tu
272 1319 365 1352 solus
379 1319 426 1351 ita
442 1331 498 1351 me
513 1331 604 1352 amas
618 1344 626 1360 ,
645 1318 692 1352 ita
706 1319 794 1352 mihi

114 1373 207 1407 faves
218 1396 227 1411 ‚
240 1380 280 1405 ut
299 1371 489 1405 versiculos
499 1371 564 1405 hos
581 1372 795 1417 qualescum-

114 1438 184 1471 que
208 1437 306 1458 meos
334 1423 525 1469 indulgens
547 1425 705 1470 accipias.
725 1425 792 1458 En.

172 1491 204 1511 2.
227 1479 424 1511 Existimare
444 1478 581 1511 Rex-erl.

169 1531 203 1564 3.
232 1531 330 1575 Quod
360 1531 417 1564 tibi
447 1530 668 1575 difficillimum
683 1558 691 1571 ,
727 1540 792 1565 etc.

115 1583 223 1617 Solita
250 1584 492 1618 benevolentia
518 1593 551 1617 et
579 1585 698 1617 innata
726 1584 793 1618 hu-

114 1638 300 1679 manitate,
327 1637 456 1684 quibus
484 1649 540 1670 me
568 1638 794 1683 pertinaciter

116 1691 355 1737 prosequeris,
375 1689 417 1724 ad
439 1698 578 1736 tempus
602 1689 772 1736 depositis
785 1717 793 1731 ,

804 1829 848 1882 I.

854 749 929 782 quo
943 736 1147 782 rigidiorem
1164 750 1242 783 agas
1261 750 1462 781 censorem,
1478 738 1534 773 di·

851 789 986 835 judices
1007 803 1050 823 an
1074 792 1221 825 Romam
1244 792 1336 825 mitti
1360 801 1536 827 mereatur

854 843 943 876 liber
958 843 1017 876 1110
1039 843 1077 876 111
1100 844 1271 889 Hispania
1294 845 1457 891 scriptus.

909 900 942 935 4.
958 896 1072 928 Νιίοι·ε
1092 900 1237 943 seposito.
1260 897 1418 933 Raderus
1438 907 1534 933 recte

853 948 1005 981 nitorem
1025 950 1159 983 referre
1177 949 1316 984 videtur
1334 950 1378 985 ad
1396 952 1535 998 elegan-

853 1001 938 1033 tiam
959 1010 993 1034 et
1013 1001 1287 1045 humanitatem,
1306 1017 1411 1049 quam
1438 1006 1534 1039 Pris-

854 1066 915 1086 cus
950 1052 995 1086 ad
1022 1056 1175 1089 carmina
1207 1056 1377 1090 Martialis
1409 1058 1534 1092 afferre

853 1106 997 1140 solebat.

908 1160 941 1193 5.
972 1160 1177 1193 Dect-everam
1204 1162 1341 1196 Beverl.
1361 1182 1414 1189 -—-
1433 1162 1472 1197 Si
1488 1165 1533 1196 ita

853 1212 1032 1246 decreveris.
1059 1213 1095 1246 Si
1129 1222 1167 1247 tu
1199 1215 1375 1248 censueris
1404 1216 1534 1249 librum

852 1265 948 1299 hunc
967 1264 1115 1311 (lignum
1136 1267 1197 1312 qui
1213 1268 1361 1301 Romam
1377 1268 1508 1303 videat.

908 1321 941 1352 6.
981 1319 1057 1352 Non
1094 1320 1348 1366 Hispaniensem.
1379 1321 1421 1354 Id
1452 1331 1503 1356 est
1525 1348 1534 1362 ,

852 1371 1022 1418 scriptum
1042 1372 1078 1405 in
1102 1372 1269 1419 Hispania
1281 1399 1291 1414 ,
1308 1373 1370 1407 sed
1388 1387 1536 1420 prorsus

854 1424 1051 1470 Hispanum
1063 1450 1073 1466 ‚
1091 1438 1154 1459 seu
1175 1426 1406 1472 inelegantem
1426 1436 1460 1461 et
1478 1441 1536 1462 ru-

855 1477 947 1512 dem.
977 1479 1221 1524 Hispaniensis
1251 1489 1366 1514 autem
1396 1489 1447 1514 est
1477 1482 1535 1515 ille

855 1531 919 1577 qui
933 1531 1056 1566 incolit
1068 1532 1270 1578 Hispaniam
1281 1560 1290 1575 ,
1300 1534 1380 1567 licet
1393 1534 1536 1568 aliunde

854 1584 1028 1618 oriundus
1042 1585 1086 1619 sit
1100 1596 1107 1618 ε
1123 1586 1298 1632 Hispanus
1314 1599 1397 1620 vero
1411 1595 1462 1620 est
1477 1588 1535 1621 ille

854 1638 915 1683 qui
941 1646 1043 1672 natus
1068 1646 1119 1672 est
1148 1639 1184 1671 in
1213 1639 1402 1685 Hispania,
1429 1653 1534 1686 quem

853 1691 912 1724 hic
931 1692 1037 1724 sumit
1054 1704 1120 1737 pro
1138 1692 1288 1726 barbaro
1307 1701 1342 1726 et
1359 1693 1505 1728 inculto.

623 1984 689 2011 AD
729 1983 986 2012 EUMDEM.
1010 1964 1028 1980 ⁴²

189 2111 335 2153 Rssm
360 2108 464 2152 dum
494 2117 684 2162 cessant,
712 2106 1025 2168 latratoresque
1054 2107 1257 2166 Molossi,

258 2181 316 2223 Et
339 2195 429 2223 non
457 2179 636 2222 invento
665 2177 784 2238 sylva
810 2178 990 2239 quiescit
1019 2194 1150 2239 apro:

190 2250 318 2306 Otia,
342 2250 510 2306 Prisce,
536 2249 660 2293 brevi
685 2250 848 2310 poteris
874 2248 1039 2293 donare
1067 2248 1225 2295 libello.

172 2391 188 2404 '
208 2391 250 2423 In
280 2389 361 2424 edd.
390 2398 476 2423 vett.
506 2389 638 2423 omnib.
670 2389 798 2435 legitur

123 2443 184 2477 Ad
200 2444 359 2477 Priscum.

174 2517 226 2523 -—
241 2496 389 2530 Librum
406 2495 525 2529 Prisco
545 2495 649 2529 offert
669 2507 800 2541 oppor-

120 2557 209 2582 tune
223 2547 420 2594 legendum.

182 2615 213 2636 1.
241 2603 335 2634 Retia
359 2601 451 2642 dum,
479 2609 545 2635 etc.
573 2603 667 2634 Dum
693 2609 804 2635 cessat

122 2653 275 2689 venandi
294 2653 450 2689 studium
470 2666 534 2700 per
553 2654 634 2688 anni
652 2663 802 2700 tempus.

858 2387 1014 2422 Videtur
1033 2388 1138 2424 fuisse
1162 2402 1223 2424 ver
1246 2392 1302 2425 vel
1325 2401 1532 2436 autumnus,

858 2454 973 2487 neque
999 2442 1093 2475 enim
1116 2443 1211 2478 horae
1241 2446 1366 2480 aestivae
1386 2457 1534 2489 nocent,

859 2503 894 2528 et
915 2507 1084 2540 aprorum
1107 2497 1284 2530 venationi
1304 2499 1450 2534 inservit
1464 2516 1538 2537 ma·

859 2548 952 2581 xime
971 2548 1293 2584 hiems.-Molossi.
1313 2552 1425 2587 Canes
1444 2568 1539 2590 acer-

860 2601 960 2641 rimi,
976 2601 1025 2635 sic
1041 2601 1127 2636 dicti
1145 2614 1162 2635 a
1183 2603 1344 2639 Molossis
1360 2606 1459 2653 Epiri
1475 2622 1538 2655 po-

861 2654 971 2699 pulis,
997 2654 1058 2688 ubi
1083 2664 1181 2688 erant
1196 2656 1332 2701 optimi.

1279 2745 1293 2772 1
