2044 3292
482 203 578 260 294
923 201 1426 246 SUPPOSITITIA.

1127 363 1232 416 VI.

868 517 933 545 DE
971 518 1285 548 HISTRIONIS
1324 519 1494 549 POENA.

551 645 677 686 ANTE
704 643 822 686 Jovis
853 652 1039 686 statuam
1068 643 1238 702 crepuit
1262 651 1381 685 satur
1406 642 1558 687 histrio
1582 659 1589 685 :
1618 658 1790 703 poenam

618 713 788 773 Jupiter
812 712 987 766 indixit,
1010 712 1158 755 vivere
1184 711 1238 755 de
1263 714 1455 773 proprio.

1110 867 1260 921 VII.

953 1025 1012 1052 1N
1058 1025 1416 1053 EFFRONTEM.

554 1150 619 1194 Os
649 1150 788 1203 atavi,
817 1150 951 1210 patris
982 1165 1160 1205 nasum,
1184 1149 1272 1193 duo
1300 1148 1462 1192 lumina
1493 1151 1649 1210 patris,

622 1221 680 1263 Et
710 1220 858 1264 matris
889 1229 1034 1281 gestus
1062 1218 1169 1264 dicis
1194 1219 1355 1263 habere
1383 1229 1479 1264 tuae.

555 1289 703 1346 Quum
736 1289 897 1334 referas
927 1291 1114 1352 priscos,
1135 1289 1386 1351 nullamque
1412 1291 1454 1333 in
1481 1306 1666 1350 corpore
1691 1299 1858 1351 partem

627 1361 851 1417 Mentiris;
881 1360 1093 1415 frontem,
1115 1360 1183 1405 dic
1206 1361 1339 1417 mihi,
1364 1360 1487 1420 cujus
1511 1358 1677 1404 habes?

1102 1521 1286 1575 VIII.

1012 1677 1081 1703 AD
1120 1676 1374 1704 MATTUM.

559 1805 652 1862 Qm
678 1814 806 1865 negat
830 1820 921 1848 esse
945 1804 1062 1848 domi
1084 1820 1153 1859 se,
1178 1814 1284 1848 tunc
1305 1820 1439 1864 quum
1462 1802 1607 1847 limina
1629 1803 1796 1865 pulsas,

634 1874 751 1932 Quid
777 1874 894 1918 dicat
909 1909 920 1929 ‚
942 1873 1111 1919 nescis?
1130 1876 1315 1918 Dormio
1330 1910 1341 1928 ,
1363 1875 1501 1918 Matte
1514 1909 1524 1929 ,
1545 1874 1633 1917 tihi.

1140 2035 1246 2089 IX.

996 2189 1064 2216 AD
1104 2188 1390 2217 MILONEM.

563 2315 731 2357 Taum
748 2347 757 2365 ‚
788 2314 928 2372 piper,
952 2322 1112 2362 vestes,
1138 2321 1365 2373 argentum
1385 2344 1396 2363 ,
1422 2310 1572 2372 pallia,
1599 2328 1813 2372 gemmas,

637 2381 864 2437 Vendere,
891 2380 1023 2436 Milo,
1051 2380 1184 2434 soles;
1210 2398 1307 2426 cum
1337 2380 1493 2443 quibus
1522 2392 1693 2442 emptor
1720 2383 1821 2426 abit.

567 2454 775 2514 Conjugis
800 2451 946 2496 utilior
972 2469 1092 2496 merx
1119 2461 1183 2497 est
1210 2470 1216 2495 :
1245 2469 1339 2513 quoe
1365 2452 1537 2496 vendita
1564 2470 1697 2513 saepe,
1876 2446 1879 2447 ⁷

634 2523 907 2568 vendentem
935 2538 1154 2584 nunquam
1183 2523 1360 2574 deserit,
1391 2533 1464 2567 aut
1494 2524 1659 2567 minuit.
