1901 3259
75 230 473 242 mmmmwvsuz
479 230 714 243 zmvwxuszns
722 233 755 242 ts
761 229 1138 243 §Wmmnumuz
1143 231 1403 242 wsmmn-wuz
1409 233 1445 243 ιπ

173 400 288 476 M.
335 399 592 478 VAL.
657 400 1357 480 MARTIALIS

98 603 1435 720 EPIGRAMMATUM

504 842 793 906 LIBER
852 844 1022 907 XIV

199 1030 303 1072 CUI
348 1026 759 1073 APOPHORETA*
800 1031 1069 1075 INDITUM
1108 1034 1338 1077 NOMEN.

748 1314 789 1366 l.

973 1457 989 1473 ε

552 1478 618 1505 ΑΙ)
660 1476 959 1505 LECTOREM.

65 1574 408 1652 SYNTHESIBUS
440 1602 542 1644 dum
577 1601 737 1661 gaudet
767 1618 921 1662 eques,
950 1602 1236 1664 dominusque
1264 1616 1456 1659 senatus,

119 1737 132 1752 *
151 1742 314 1786 Apleoreta
338 1739 478 1773 exhibet
498 1738 570 1771 MS.
600 1739 735 1772 Beverl.

66 1795 125 1828 Ad
140 1796 298 1827 Lector-em
317 1791 412 1825 addit
430 1790 485 1824 ed.
505 1791 604 1824 Barb.

117 1870 169 1874 -—
183 1847 400 1891 Apophoreta.
422 1845 508 1886 Quae
526 1844 574 1877 sic
591 1843 739 1889 explicat

65 1900 251 1933 Turnebus
272 1910 347 1944 cap.
374 1897 417 1930 23
431 1924 440 1939 ,
460 1897 522 1930 lib.
549 1898 612 1930 [X.
637 1897 711 1942 Ego
725 1922 734 1936 ,

65 1953 200 1998 inquit,
220 1964 261 1985 eo
281 1951 423 1984 nomine
450 1950 609 1983 existimo
631 1950 738 1995 signi-

65 2006 162 2040 ficari
185 2016 351 2045 munera,
373 2016 448 2048 quae
470 2003 629 2036 convivis
650 2001 736 2035 dan-

67 2067 136 2100 tur,
163 2066 202 2102 ut
225 2071 263 2091 ea
283 2056 426 2090 domum
446 2056 617 2096 referant,
644 2054 738 2088 unde

67 2120 101 2145 et
123 2123 255 2144 nomen
277 2109 399 2155 adepta
420 2118 516 2149 sunt,
542 2108 671 2141 scilicet
695 2108 737 2140 ab

68 2165 227 2208 ἀποφέρω.
240 2163 359 2208 Epigr.
370 2163 479 2207 huj.v.
490 2165 524 2203 6,
535 2159 739 2194 Poetavide-

68 2225 124 2250 tur
135 2216 183 2250 sic
195 2216 351 2261 accipere
361 2215 586 2261 Apophoreta
601 2226 608 2247 :
625 2231 638 2243 «
647 2214 739 2247 Prae-

69 2270 135 2302 mia
150 2268 303 2302 conviva:
318 2267 376 2301 det
395 2279 457 2301 sua
471 2267 617 2312 quisque
632 2280 704 2300 suo.
722 2284 733 2297 u

68 2321 258 2355 Suetonius
278 2321 312 2354 in
323 2320 550 2365 Vespasiano,
572 2332 646 2365 cap.
671 2333 712 2364 19
730 2332 738 2353 z

75 2392 88 2403 ιι
106 2375 200 2407 Sicut
242 2373 480 2407 Saturnalibus
516 2372 621 2405 dabat
656 2372 740 2405 viris

70 2427 283 2473 apophoreta
296 2452 304 2467 ,
322 2427 369 2459 ita
385 2438 448 2471 per
460 2425 636 2459 Kalendas
646 2426 741 2458 Mar-

70 2481 133 2513 tias
152 2479 304 2512 feminis.
321 2496 333 2507 n

123 2552 174 2557 --
189 2531 243 2564 Ad
262 2532 426 2564 lectorem
445 2531 510 2563 hoc
533 2531 742 2575 epigramma

74 2584 243 2629 scriptum
255 2583 348 2629 quasi
360 2583 630 2628 praefatiuncula),
646 2584 743 2623 ioco3

74 2649 143 2681 quo
161 2636 327 2670 describit
344 2636 490 2680 carptim
509 2635 743 2668 Saturnalium

795 1739 1067 1772 celebrationem
1107 1749 1141 1773 et
1176 1742 1255 1775 libri
1296 1746 1473 1778 materiam

795 1791 1019 1824 humiliorem
1043 1803 1180 1826 excusat
1198 1819 1207 1834 ,
1241 1808 1399 1842 opusque
1430 1799 1472 1831 ab

795 1844 867 1889 ipsa
906 1845 1076 1878 brevitate
1115 1846 1345 1882 distichorum
1377 1863 1471 1884 com-

795 1896 950 1930 mendat.
971 1898 1086 1931 Radur.

848 1962 873 1983 Ι.
887 1951 1091 1996 Domilzisque
1107 1961 1233 1985 senatus
1252 1954 1322 1987 alii.
1341 1957 1473 1989 Domini

796 2014 878 2035 vero
896 2004 953 2036 hic
971 2013 1083 2037 essent
1104 2006 1216 2048 servi,
1236 2008 1362 2052 quibus
1387 2018 1470 2043 tunc

795 2056 991 2089 serviebant
1006 2066 1196 2099 senatores,
1213 2060 1341 2106 aliique
1357 2060 1470 2096 domim

794 2108 1110 2155 ni.-31>·ntl1esibas.
1122 2112 1262 2155 Bayfius
1269 2112 1312 2147 de
1321 2115 1468 2148 ReVesr.

795 2173 869 2206 cap.
894 2175 960 2195 10:
979 2163 1234 2204 Saturnalibus,
1251 2166 1383 2212 inquit,
1407 2181 1469 2213 per

795 2214 951 2259 quinque
969 2214 1042 2248 dies
1061 2215 1094 2249 S.
1114 2217 1151 2249 P.
1171 2218 1215 2258 Q.
1237 2219 1276 2251 R.
1297 2228 1394 2265 togas
1414 2234 1467 2254 re-

795 2268 993 2312 ponebant,
1021 2277 1055 2301 et
1079 2270 1301 2313 synthesibus
1322 2274 1466 2306 uteban-

797 2328 872 2361 tur3
892 2329 926 2353 et
945 2330 1042 2354 erant
1070 2322 1207 2356 viliores
1229 2333 1350 2358 vestes.
1373 2327 1468 2359 Infra

797 2373 907 2417 epigr.
924 2386 1021 2406 exn:
1042 2375 1156 2407 «Dum
1170 2384 1248 2421 toga
1264 2389 1327 2422 per
1344 2379 1467 2423 quinas

796 2425 923 2471 gaudet
937 2426 1152 2471 requiescere
1163 2429 1274 2470 luces,
1289 2430 1360 2463 Hos
1375 2440 1469 2476 pote-

798 2479 845 2511 ris
860 2479 972 2511 cultus
985 2492 1122 2513 sumere
1134 2482 1211 2525 jure
1225 2490 1295 2515 tuo.
1306 2500 1376 2512 ·›—
1388 2485 1471 2517 Erat

800 2532 971 2577 synthesis
982 2533 1084 2565 vestis
1094 2535 1292 2575 coenatoria,
1303 2545 1338 2567 ut
1353 2537 1409 2568 lib.
1427 2539 1469 2576 ll,

802 2584 890 2629 epig.
914 2597 1016 2626 XLVI}
1039 2593 1071 2617 et
1088 2585 1149 2618 lib.
1172 2587 1216 2628 V,
1237 2588 1323 2632 epig.
1346 2602 1448 2622 Lxx1x
1466 2617 1473 2630 ‚

808 2649 820 2668 1
846 2645 878 2669 et
901 2649 916 2668 2
938 2649 944 2668 z
971 2654 983 2665 «
1005 2636 1176 2671 Undecies
1209 2652 1276 2673 una
1305 2644 1452 2675 suri-exii
1471 2669 1479 2681 ‚

1186 2709 1272 2753 11²
