2044 3292
534 211 630 264 224

907 213 968 255 M.
992 213 1071 256 VA
1085 214 1135 256 L.
1175 213 1561 258 MARTIALIS

1146 359 1308 417 CIV.

963 513 1161 543 SAccth
1198 513 1466 544 NIVARIUS.
1487 494 1506 512 ⁴

599 647 885 689 ATTENUARE
913 644 1032 688 nives
1058 654 1222 688 norunt
1247 654 1291 689 et
1314 643 1447 689 lintea
1474 655 1649 702 nostra3

670 713 883 775 Frigidior
908 713 1006 759 colo
1028 731 1116 758 non
1139 714 1238 760 salit
1263 715 1379 760 unda
1404 725 1495 760 tuo.

598 856 680 898 Καὶ
707 856 843 914 χιόνας
867 861 998 899 λινοῦν
1028 858 1236 901 λεπτύνειν
1263 851 1368 900 οἶδεν
1397 859 1493 916 ὕφος
1519 863 1604 916 μεῢ·

664 927 926 988 Ψυχρότερον
954 921 992 969 δ’
1019 921 1127 987 ὕδωρ
1155 930 1198 972 οὐ
1227 929 1316 979 τεὸς
1343 927 1467 988 ἠθμὸς
1493 929 1586 988 ἔχει.

578 1061 593 1074 ¹
621 1066 746 1100 Saccus
783 1066 910 1100 linteus
951 1066 1098 1100 inferior
1134 1075 1208 1100 erat

527 1118 605 1152 colo
633 1118 788 1160 nivario,
818 1118 913 1165 quod
942 1132 1001 1154 vas
1022 1128 1096 1153 erat
1121 1120 1205 1154 vino

528 1170 770 1217 refrigerando
807 1171 972 1206 idoneum
1005 1185 1014 1206 ε
1052 1181 1204 1207 attamen

530 1236 617 1269 aqua
643 1237 742 1258 sacco
767 1226 968 1259 transmissa
990 1239 1062 1259 nou
1089 1226 1206 1259 minus

535 1289 640 1322 quam
655 1278 734 1311 colo
746 1278 1133 1323 refrigerabatur.Vide
1150 1291 1206 1312 su-

528 1342 592 1375 pra
607 1343 683 1376 quae
699 1331 898 1365 notavimus
914 1330 958 1364 ad
973 1331 1035 1365 lib.
1056 1332 1110 1372 II,
1131 1332 1205 1377 epi·

528 1394 674 1428 gramm.
695 1396 738 1417 xL
757 1391 792 1417 et
809 1384 871 1417 lib.
890 1384 980 1426 XII,
998 1383 1204 1430 epigramm.

1266 1079 1322 1101 Lx.
1338 1068 1390 1100 Ex
1411 1067 1476 1101 hac
1497 1075 1614 1101 autem
1636 1080 1720 1102 voce
1745 1081 1852 1102 saccus
1878 1067 1940 1102 de-

1264 1120 1416 1153 rivatum
1431 1129 1481 1153 est
1493 1134 1619 1153 sac-care
1631 1120 1727 1166 quod
1738 1122 1939 1167 proximum

1266 1181 1316 1206 est
1332 1177 1387 1206 τοῦ
1411 1175 1524 1206 colare.
1543 1172 1641 1206 Idem
1663 1175 1782 1221 liquare
1801 1187 1941 1220 quoque

1267 1225 1438 1271 significat
1451 1253 1459 1266 ,
1478 1225 1537 1259 sed
1554 1227 1763 1272 generaliori
1780 1236 1813 1261 et
1827 1227 1941 1261 minus

1266 1279 1387 1312 stricto
1419 1291 1520 1312 sensu
1535 1301 1544 1317 ‚
1579 1280 1710 1325 quippe
1737 1279 1834 1326 quod
1866 1292 1939 1313 non

1266 1330 1398 1365 indicet
1413 1332 1536 1365 colone
1555 1345 1598 1366 an
1620 1345 1718 1367 sacco
1737 1332 1783 1367 ad
1804 1333 1942 1379 liquan-

1266 1383 1351 1417 dum
1368 1397 1450 1418 usus
1468 1385 1546 1418 eris.

1174 1521 1301 1580 CV.

864 1677 1099 1707 URCEOLI
1140 1657 1600 1707 MINISTRATORIL*

597 1805 802 1848 FR1G1DA
834 1820 922 1847 non
953 1802 1086 1859 desit,
1115 1819 1204 1847 non
1233 1803 1374 1848 deerit
1398 1802 1523 1848 calda
1551 1804 1739 1864 petenti;

666 1873 751 1918 Sed
781 1883 828 1918 tu
856 1890 1031 1918 morosa
1059 1873 1208 1919 ludere.
1239 1890 1370 1936 parce
1396 1875 1478 1919 siti.

599 2016 662 2057 Οὔ
689 2032 791 2058 ποτε
810 2021 920 2077 γνῦν,
946 2014 1100 2075 ψυχροῦ
1128 2018 1366 2076 παρέοντος,
1389 2016 1610 2059 ἀπέσσεται
1637 2009 1744 2074 ὕδωρ

667 2087 843 2146 Θερμόν·
866 2084 969 2146 ἀτὰρ
994 2081 1102 2145 δίψει
1133 2090 1279 2147 μηκέτι
1305 2082 1422 2138 παῖζε
1447 2091 1575 2143 κακῷ.

582 2222 597 2236 *
625 2224 761 2257 Urceoli.
791 2224 931 2270 Bayfius
968 2223 1012 2258 de
1044 2224 1204 2258 Vasculis

526 2277 576 2311 sic
598 2278 646 2311 ait
668 2289 676 2310 ε
705 2277 861 2318 Urceus,
888 2278 986 2322 cujus
1019 2276 1204 2311 diminuti·

527 2343 610 2364 vum
633 2330 764 2363 urceoli
780 2356 788 2371 ,
805 2342 862 2363 vas
878 2330 1079 2376 aquarium,
1100 2339 1139 2364 ut
1156 2339 1204 2364 ta-

528 2396 608 2417 men
630 2396 755 2417 urceus
772 2392 861 2417 esset
878 2395 937 2417 vas
955 2382 999 2417 ad
1018 2382 1180 2429 frigidam
1193 2410 1202 2424 ‚

527 2437 661 2470 urceoli
693 2435 736 2470 ad
766 2435 898 2470 caldam
924 2435 1036 2470 :inde
1067 2436 1200 2470 urceoli

527 2489 768 2524 ministratorii
788 2489 880 2535 apud
896 2488 1200 2523 Martialem.Vide

527 2542 636 2588 epigr.
657 2555 738 2576 cxvx
753 2567 762 2583 ‚
783 2554 880 2576 cxvn
900 2551 934 2575 et
956 2555 1082 2576 cxvn1.

579 2609 611 2629 2.
624 2596 690 2629 Sed
703 2604 736 2629 tu
752 2609 884 2629 morosa.
903 2595 978 2629 Hoc
995 2603 1064 2637 est,
1080 2596 1135 2628 Tu
1155 2607 1198 2628 ne

524 2647 628 2683 nimis
655 2648 823 2683 delicatus
856 2658 889 2682 et
916 2648 1068 2682 difficilis
1093 2648 1137 2683 sis
1160 2649 1196 2681 in

1263 2224 1516 2258 commixtione
1535 2235 1634 2268 aquae
1663 2221 1798 2268 frigidae
1823 2231 1857 2256 et
1881 2235 1936 2256 ca-

1261 2276 1342 2310 lidae
1363 2289 1442 2310 cum
1465 2276 1560 2310 vino.
1582 2276 1671 2309 Nam
1696 2288 1870 2309 morosam
1892 2276 1937 2309 si-

1262 2331 1324 2363 tim
1343 2338 1442 2363 vocat
1460 2330 1554 2363 sitim
1572 2327 1755 2362 delicatam
1774 2329 1830 2362 cui
1848 2328 1937 2363 nihil

1262 2383 1326 2416 nisi
1349 2383 1561 2429 exquisitum
1583 2383 1689 2428 sapit,
1711 2394 1802 2423 non,
1817 2389 1857 2415 ut
1877 2394 1936 2414 su-

1262 2436 1417 2481 spicatus
1439 2443 1489 2469 est
1518 2434 1691 2476 Raderus,
1711 2446 1788 2480 quae
1820 2446 1934 2467 moras

1260 2489 1353 2534 parit
1377 2497 1411 2521 et
1435 2487 1581 2522 bibendi
1608 2488 1804 2527 raritatem,
1827 2487 1874 2521 ita
1895 2495 1935 2520 ut

1260 2542 1424 2575 convivas
1455 2542 1581 2587 hospes
1612 2539 1782 2586 impediat
1804 2551 1849 2573 ne
1872 2551 1933 2573 sae-

1258 2595 1339 2640 pius
1364 2594 1506 2634 bibant,
1528 2594 1723 2628 oblatarum
1744 2605 1861 2627 rerum
1884 2592 1933 2625 fa-

1259 2647 1401 2683 stidium
1425 2647 1600 2682 simulans.
