1901 3259
309 209 893 253 EPIGRAMMATUM
931 211 1053 254 LIB.
1094 211 1247 254 XIII.

1413 228 1477 274 99

688 360 855 417 XIV.

626 496 919 545 mmmmm*

139 640 397 684 CLAUDERE
423 655 519 700 quae
545 654 689 683 coenas
715 638 882 684 lactuca
909 639 1076 685 solebat
1098 657 1278 687 avorum
1294 679 1304 699 ,

209 709 292 754 Dic
316 709 446 766 mihi,
468 726 548 754 cur
572 719 742 754 nostras
765 710 943 754 inchoat
966 709 1036 755 illa
1058 710 1219 773 dapes?

137 832 238 894 sing
265 849 346 886 τῶν
372 843 575 904 προγόνων
605 838 746 903 θρίδαξ
771 844 1008 905 τεκμαίρετο
1038 839 1213 900 δαῖτας,Ἴ

206 913 335 968 Εἰπὲ,
363 915 428 961 τιὴ
459 907 629 958 δείπνων
660 911 829 974 ἄρχεται
857 917 1081 975 ἡμετέρων;

116 1047 129 1062 '
142 1052 266 1098 Neque
279 1051 350 1085 ulla
366 1050 403 1085 in
423 1051 491 1085 hoe
508 1051 739 1098 epigramma-

65 1113 101 1139 te
117 1104 372 1151 scripturarum
390 1105 549 1138 variatio.

119 1169 152 1192 1.
182 1159 334 1191 Lac-cuca.
369 1158 484 1199 Quam
525 1158 572 1191 sic
610 1157 739 1191 dictam

60 1210 169 1256 vulgo
187 1211 306 1252 aiunt,
326 1209 424 1256 quod
448 1209 665 1244 abundantia
693 1212 740 1244 la-

61 1264 124 1298 ctis
145 1264 325 1297 exuberet.

117 1329 149 1350 2.
172 1318 235 1350 Dic
253 1317 337 1350 milzi.
357 1317 504 1351 Causam
527 1316 643 1350 attulit
664 1317 738 1363 ipse

60 1370 122 1403 lib.
153 1370 225 1412 XI,
246 1369 355 1416 epigr.
383 1382 437 1403 1.11
461 1382 469 1403 :
499 1387 513 1399 «
529 1369 647 1403 Prima
669 1370 735 1403 tibi

60 1421 202 1456 dabitur
221 1422 335 1457 ventri
357 1422 488 1457 lactuca
510 1421 698 1456 movendo.
717 1439 730 1453 »

62 1474 230 1509 Claudere.
248 1476 408 1522 Namque
433 1483 566 1510 constat
592 1475 673 1509 satis
700 1475 735 1508 in

60 1527 130 1562 fine
143 1540 250 1562 coenae
264 1529 435 1563 lactucam
454 1529 585 1575 apponi
600 1528 735 1562 solitam

59 1580 154 1626 apud
166 1582 312 1616 Veteres
324 1608 333 1624 ,
348 1581 512 1628 quoniam
528 1581 629 1615 insita
644 1582 737 1626 frigi-

799 1052 908 1086 ditate
926 1054 1127 1088 ebrietatem
1143 1054 1314 1090 retundit.
1334 1057 1378 1092 Et
1394 1058 1476 1094 hinc

800 1107 836 1139 in
854 1106 993 1139 Moreto
1003 1133 1011 1148 ‚
1030 1107 1198 1153 Virgilius
1209 1134 1219 1150 ,
1234 1109 1305 1143 sive
1319 1111 1476 1157 quicum-

801 1171 867 1204 que
882 1158 990 1205 lepidi
1007 1161 1165 1206 opusculi
1180 1170 1302 1195 auctor
1317 1165 1446 1198 exstitit
1461 1177 1471 1199 τ

807 1229 819 1240 «
836 1212 1012 1257 Grataque
1028 1213 1202 1247 nobilium
1217 1215 1355 1261 requies
1368 1217 1477 1251 lactu-

802 1277 840 1298 ca
855 1265 1028 1299 laborum.
1043 1283 1056 1295 »ι
1076 1267 1166 1299 Item
1184 1268 1373 1303 Athenaeus
1388 1295 1397 1311 ‚
1412 1271 1475 1305 lib.

797 1318 834 1350 II
851 1329 859 1351 :
881 1333 893 1345 «
907 1319 946 1351 Οἱ
967 1319 1023 1363 μὲν
1047 1319 1189 1364 ἀρχαῖοι,
1207 1334 1239 1356 κ.
1258 1335 1289 1355 τ.
1308 1326 1338 1355 λ.
1352 1322 1475 1356 Domi-

797 1370 881 1404 tiani
903 1383 986 1404 vero
1007 1373 1225 1417 temporibus
1250 1373 1392 1408 videtur
1409 1389 1473 1422 po·

796 1423 967 1457 tissimum
978 1437 1059 1458 usus
1072 1424 1130 1459 ille
1145 1424 1189 1459 de
1201 1427 1332 1461 lactuca
1346 1428 1472 1463 inverti

796 1477 951 1522 coepisse.
964 1476 1118 1512 Vidend.
1134 1478 1311 1514 Palladius
1322 1481 1400 1515 Jan.
1416 1482 1469 1516 tit.

797 1529 897 1571 XIV,
913 1537 1016 1576 atque
1040 1543 1146 1577 supra
1170 1532 1293 1567 citatus
1320 1534 1471 1569 Joannes

797 1582 1013 1628 Bruyerinus
1030 1583 1091 1617 lib.
1115 1585 1204 1617 VIII
1217 1611 1226 1629 ,
1243 1597 1318 1631 cap.
1342 1591 1374 1628 4.

712 1712 849 1768 XV.

528 1856 696 1884 LIGNA
737 1838 999 1886 ΑΟΑΡΝΛΫι

127 1968 174 2010 S1
201 1966 340 2008 vicina
367 1963 447 2007 tibi
474 1963 693 2008 Nomento
719 1979 822 2008 rura
849 1963 1072 2020 coluntur,

197 2035 264 2079 Ad
289 2033 435 2079 villam
461 2051 643 2090 moneo,
669 2034 854 2091 rustice,
879 2034 994 2098 ligna
1020 2036 1145 2082 feras.

126 2163 267 2225 Χωρία
294 2164 501 2223 Νωμέντῳ
525 2161 643 2205 ναίων
671 2164 897 2224 σύγχορτα,
924 2167 1098 2226 γεωργὲ,

193 2235 378 2294 Μέμνησ’
402 2232 454 2284 εἰς
482 2231 592 2276 αὖλιν
620 2232 805 2294 κάγκανα
833 2236 940 2278 κοῖλα
967 2237 1110 2297 φέρειν.

106 2357 120 2371 *
136 2362 205 2395 Pro
220 2374 342 2406 acapna
359 2360 499 2394 Thuan.
518 2359 600 2394 cod.
619 2367 723 2393 actua.

106 2426 134 2448 1.
162 2414 266 2458 Ligna
290 2426 424 2459 acapna.
450 2413 527 2447 Hoc
551 2421 622 2454 est,
649 2425 726 2458 quae

53 2467 192 2501 incensa
224 2479 294 2499 non
327 2466 471 2500 fumant.
510 2466 726 2499 Nomentum

52 2529 169 2554 autem
180 2518 350 2565 oppidum
361 2527 433 2552 erat
446 2519 652 2553 Latinorum
661 2544 669 2555 ,
684 2518 726 2552 ad

52 2573 227 2607 decimum
249 2572 291 2605 ab
309 2572 406 2605 Urbe
425 2570 576 2617 lapidem
599 2571 704 2606 situm
716 2597 726 2614 ‚

53 2626 114 2660 ubi
137 2626 255 2660 multae
276 2624 436 2670 paludes3
453 2624 513 2663 ubi
534 2632 615 2658 nota
632 2625 726 2669 ligna

785 2373 857 2394 non
881 2370 979 2395 erant
1007 2362 1094 2397 sicca
1107 2389 1115 2405 ‚
1140 2364 1357 2412 proindeque
1386 2380 1457 2402 nou

785 2413 878 2459 igni,
900 2413 959 2448 sed
984 2415 1081 2449 fumo
1108 2417 1290 2452 excitando
1312 2418 1455 2454 idonea:

785 2474 887 2512 atque
902 2468 949 2501 ita
964 2468 1107 2502 ferenda
1122 2469 1204 2504 illuc
1220 2471 1311 2516 ligna
1327 2485 1456 2517 acapna

786 2529 904 2554 monet
915 2521 1020 2555 Poeta
1032 2548 1039 2561 ,
1053 2522 1178 2556 nativis
1188 2523 1289 2570 longe
1301 2525 1453 2560 meliora.

841 2574 983 2607 2.Mane
999 2574 1046 2608 his
1062 2575 1106 2608 ad
1116 2575 1247 2617 villam,
1269 2580 1379 2612 rustice
1394 2580 1453 2621 l.f.

786 2625 858 2660 MS.
879 2627 1009 2660 Beverl.

1201 2719 1224 2763 7
1243 2702 1253 2717 2
