1901 3259
343 227 938 272 EPIGRAMMATUM
976 225 1099 267 LIB.
1139 223 1258 265 XII.

235 319 358 374 Quos
388 318 563 377 capiant
592 333 751 360 niensae
783 331 915 375 regna
948 311 1135 374 superba
1165 320 1262 354 tuae.

166 390 239 432 Me
265 404 387 432 meus
419 387 473 431 ad
505 387 670 431 subitas
702 386 855 430 invitet
883 384 1049 427 amicus
1079 379 1258 426 ofellas:

236 462 340 503 Haec
369 458 501 511 mihi,
527 474 657 519 quam
687 473 864 518 possum
896 454 1104 507 reddere,
1134 467 1256 496 coena
1288 448 1441 510 placet.

1448 217 1511 273 [⁸3

97 575 200 609 codd.
215 597 267 602 —
282 576 449 609 Coenarum
470 577 630 619 magister.
658 574 776 607 Coenae
837 586 891 604 rex
903 585 914 610 ;
932 570 992 604 sed
1011 569 1130 616 potius
1151 580 1246 600 coenoe
1262 573 1368 611 pater,
1390 576 1516 597 meusae

97 638 210 674 pater,
244 629 426 668 invitator,
465 628 651 674 parochus.
682 627 776 671 Ergo
837 638 908 658 rex.
926 623 1085 657 Macrob.
1106 622 1167 655 lih.
1188 621 1222 652 Π
1241 646 1249 662 ,
1267 632 1342 664 cap.
1370 630 1400 651 1.

99 683 168 716 hoc
198 683 275 715 loco
313 683 464 726 magister·
490 693 596 714 coenae
613 707 621 721 ‚
649 692 719 713 non
750 679 778 711 is
896 690 955 722 17.
977 676 1117 711 subitas.
1133 675 1210 707 Hoc
1229 681 1301 713 est,
1324 671 1397 705 sine
1415 682 1519 715 appa-

98 736 158 781 qui
187 735 305 767 arbiter·
332 735 479 774 bibendi,
506 733 601 767 unde
628 735 778 777 magiste-
839 740 916 765 ratu
947 729 1115 764 conditas.
1149 747 1200 752 —
1229 726 1365 770 Ofellus.
1399 724 1519 758 Genus

99 791 148 821 ria
181 797 214 822 et
249 801 346 833 regna
376 790 473 827 vini,
504 800 586 821 narn
619 786 711 820 idern
746 793 780 818 et
839 783 1019 830 quoddam
1038 780 1243 816 farciminis.

694 913 940 969 XLIX.

452 1055 523 1082 Al)
564 1053 748 1081 LINUM
788 1049 1162 1080 PAEDAGOGUM.

242 1164 454 1206 CRINITAE
485 1161 593 1205 Line
625 1159 863 1221 paedagoge
891 1158 1030 1201 turbae
1050 1193 1061 1208 ,

244 1235 408 1276 Rerum
439 1249 570 1293 quem
597 1231 825 1275 dominum
860 1239 990 1273 vocat
1020 1243 1196 1272 suarum
1218 1262 1227 1275 ,

245 1306 300 1348 Et
329 1303 467 1347 credit
492 1303 562 1347 cui
589 1300 842 1346 Postumilla
870 1299 991 1343 dives

244 1376 476 1428 Gemmas,
507 1390 661 1428 aurea,
691 1374 812 1427 vina,
843 1370 1114 1415 concubinos
1138 1387 1144 1411 :

245 1446 315 1490 Sic
340 1455 405 1502 te,
434 1454 648 1506 perpetua
673 1443 758 1488 fide
782 1443 1017 1505 probatum
1033 1472 1047 1497 5

244 1515 365 1560 Nulli
390 1533 479 1560 non
501 1525 575 1560 tua
600 1515 805 1577 praeferat
828 1523 1015 1575 patrona
1040 1530 1046 1555 :

247 1589 487 1633 Succurras
512 1588 695 1642 misero,
726 1601 910 1648 precor,
944 1584 1105 1636 furori,

242 1659 299 1702 Et
326 1675 472 1703 serves
502 1657 737 1719 aliquando
762 1656 1034 1718 negligenter

246 1728 350 1773 Illos
379 1731 453 1790 qui
482 1728 594 1773 male
623 1746 700 1773 cor
730 1744 876 1771 meum
911 1735 1153 1788 perurunt:

248 1801 373 1857 Quos
399 1810 443 1844 et
470 1800 674 1844 noctibus
705 1809 748 1843 et
777 1798 930 1842 diebus
962 1806 1068 1858 opto
1506 1821 1533 1834 m

249 1872 300 1914 In
324 1880 475 1915 nostro
501 1870 687 1932 cupidus
719 1871 815 1913 sinu
842 1869 990 1913 videre
1006 1904 1016 1922 ,

250 1944 506 1998 Formosos‚
535 1942 685 1985 niveos
701 1978 712 1997 ‚
738 1956 864 2002 pares
882 1976 893 1996 ,
919 1937 1148 2001 gemellos,

247 2012 468 2068 Grandes,
499 2029 588 2056 non
619 2029 806 2073 pueros,
839 2010 914 2055 sed
939 2010 1136 2053 uniones.

168 2147 197 2168 1.
228 2135 381 2175 Crinitoe,
408 2144 473 2169 etc.
501 2136 701 2169 Puerorum
724 2148 788 2168 no-

108 2188 233 2221 bilium
267 2196 301 2221 et
335 2188 545 2222 cirratorum
588 2187 788 2234 paedagoge.

110 2241 214 2275 Pueri
240 2241 333 2274 enim
348 2267 356 2282 ‚
380 2249 419 2274 ut
441 2242 668 2275 formosiores
689 2240 789 2274 vide-

851 2146 996 2180 [ψει-οε,
1018 2145 1126 2178 quum
1155 2138 1296 2177 appetat
1315 2130 1405 2163 solos
1426 2129 1531 2161 unio-

850 2200 924 2220 nes.
948 2207 997 2212 ——
1015 2187 1205 2231 Perperam
1236 2192 1270 2217 et
1299 2183 1466 2228 scriptum
1500 2189 1533 2214 et

851 2241 1063 2274 illustratum
1093 2237 1186 2272 istud
1216 2250 1308 2270 reor.
1338 2235 1534 2269 Concubinos

109 2303 244 2335 rentur,
276 2307 413 2328 comam
444 2295 584 2329 nutrire
615 2303 650 2328 et
676 2295 791 2328 colere

110 2346 264 2381 studiose
277 2348 435 2381 solebant
444 2374 453 2389 ,
466 2348 526 2394 qui
538 2356 572 2382 et
585 2349 694 2380 cirrati
710 2346 790 2380 ideo

111 2398 282 2434 dicuntur
301 2413 319 2434 a
341 2401 461 2434 Persio
481 2401 553 2435 Sat.
576 2402 613 2442 I,
634 2413 692 2445 29.

167 2457 201 2489 Δ.
234 2453 444 2487 Concubinos.
474 2455 543 2488 Alii
577 2454 787 2494 concubinas,

112 2518 238 2551 nempe
265 2518 416 2551 gemmas
445 2508 656 2553 quibuscum
684 2508 791 2542 cuba-

112 2559 183 2592 bat.
208 2560 247 2591 ln
274 2572 316 2591 eo
341 2561 434 2593 enim
459 2569 512 2594 est
541 2574 687 2595 acumen
718 2561 791 2606 epi-

112 2613 330 2656 grammatis.
367 2612 461 2658 quod
493 2626 696 2659 suspensum
731 2614 791 2647 ha-

114 2665 194 2698 heat
208 2665 391 2707 lectorem,
407 2667 506 2712 quasi
520 2675 605 2701 esset
621 2668 793 2712 petiturus

851 2307 917 2340 pro
947 2292 1164 2338 elegantibus
1192 2299 1226 2324 et
1251 2289 1385 2323 eximiae
1415 2289 1535 2322 formae

851 2347 970 2393 pueris
1007 2345 1213 2391 simpliciter
1237 2343 1394 2382 dictum;
1422 2353 1537 2386 neque

851 2400 934 2434 huic
953 2399 1108 2433 acumini
1129 2397 1331 2443 simplicitas
1353 2395 1410 2428 illa
1432 2402 1535 2428 nocet

852 2452 948 2499 quod
967 2465 1048 2486 mox
1069 2453 1102 2492 ἐξ
1116 2448 1375 2496 &inpectis-airon.

911 2505 968 2540 13.
982 2506 1129 2539 Juniores
1152 2504 1289 2537 Beverl.
1314 2501 1388 2535 MS.
1407 2522 1457 2526 *-
1472 2500 1538 2533 bed

855 2563 991 2592 melones.
1010 2553 1285 2603 Ᾰπροσδοκτζτως.
1306 2553 1537 2600 Exspectaba-

856 2621 912 2646 tur
941 2612 1035 2645 onim
1057 2619 1094 2644 ut
1114 2618 1246 2656 peteret
1271 2620 1420 2654 pueros;
1449 2606 1535 2653 peti’¹

855 2666 913 2699 ille
936 2666 1097 2698 uniones.
