1901 3259
324 248 907 291 EPIGRAMMATUM
946 249 1066 291 LIB.
1106 250 1237 292 XIV.
1386 254 1474 306 241

620 397 951 455 CXXXV.

590 536 985 584 «εοῑῑῑκῑΑΤοΒιΑΪι

154 679 253 723 NEC
284 677 379 722 fora
409 687 508 721 sunt
534 678 680 730 nobis,
707 695 786 722 nee
811 688 910 721 sunt
939 679 1182 724 vadimonia
1206 692 1334 738 nota3

225 749 307 792 Hic
340 764 449 808 opus
476 757 540 791 est
569 749 694 808 pictis
725 749 974 793 accubuisse
999 752 1116 794 toris,

136 880 151 895 *
176 884 369 918 Coenatoria.
397 883 531 929 Supple
562 891 619 916 aut
638 886 754 923 vestis,

85 945 142 971 aut
150 938 266 982 pallia.
281 937 416 970 Neutro
428 948 553 980 genere
568 944 683 968 tamen
698 949 758 981 po-

83 991 152 1024 tius
169 989 290 1023 eadem
305 1001 373 1022 vox
389 996 556 1033 usurpata
575 1000 646 1022 esse
664 987 760 1021 vide-

84 1051 161 1083 tur,
174 1051 213 1076 ut
228 1042 288 1075 lib.
306 1042 357 1082 X,
373 1041 482 1086 epigr.
500 1053 646 1073 Lxxxvn
660 1067 668 1081 ‚
690 1053 701 1072 1
713 1054 730 1073 2
750 1053 757 1072 :

86 1095 300 1129 «Coenatoria
310 1094 425 1127 mittat
434 1092 602 1127 advocato
610 1110 622 1121 n
633 1094 760 1134 ‚Quan-

84 1160 189 1193 quam
212 1160 296 1181 vero
322 1146 451 1192 passim
479 1154 638 1179 occurrat
657 1159 759 1178 coena-

86 1202 167 1233 toria
188 1200 225 1233 in
245 1199 433 1241 feminino;
455 1201 555 1245 cujus
574 1199 626 1232 rei
648 1210 760 1231 unum

86 1252 265 1287 dumtaxat
295 1252 496 1298 exemplum
523 1251 740 1297 proferemus
753 1277 762 1291 ‚

88 1305 278 1351 Capitolini
294 1316 434 1350 nempe,
449 1305 511 1350 qui
523 1304 560 1337 in
574 1304 645 1338 vita
654 1304 762 1337 Maxi-

87 1358 195 1393 mini:
213 1375 227 1388 ιι
243 1359 362 1400 Quum
379 1358 416 1390 in
434 1369 567 1391 coenam
590 1357 633 1390 ab
659 1357 763 1390 Alex-

88 1410 201 1445 andro
224 1419 311 1444 esset
332 1418 495 1448 vocatus,
522 1410 556 1442 in
575 1410 684 1454 patris
699 1409 764 1442 hou

818 897 956 926 norem,
971 885 1066 930 quod
1081 885 1213 921 deesset
1225 889 1293 934 ipsi
1307 891 1410 925 vestis
1426 904 1489 926 coe-

818 937 972 977 natoria‚
988 938 1097 983 ipsius
1111 940 1301 975 Alexandri
1318 945 1459 989 accepit.
1473 963 1486 975 »

877 1002 906 1022 1.
924 990 992 1022 Nec
1004 992 1081 1033 fbf-a
1096 1001 1180 1026 sunt.
1197 994 1302 1028 Veste
1316 997 1409 1029 enim
1424 1009 1492 1031 coe-

820 1043 954 1075 natoria
965 1042 1061 1076 domi
1074 1053 1210 1078 tantum
1221 1048 1410 1082 utebantur
1422 1051 1492 1084 Ro-

819 1096 923 1127 mani.
939 1096 1160 1129 Vadimonium
1178 1107 1228 1131 est
1242 1102 1383 1144 sponsio
1400 1115 1493 1148 quae·

820 1146 900 1180 dam
932 1148 1077 1181 sistendi
1105 1162 1140 1182 se
1168 1150 1299 1193 judicio
1328 1153 1370 1186 ad
1399 1154 1492 1189 diem

821 1200 1063 1244 praestitutam.

879 1265 910 1285 2.
926 1253 991 1285 Hic
1004 1267 1089 1299 opus.
1100 1255 1238 1300 Legunt
1251 1258 1309 1291 alii
1323 1259 1395 1292 Hoc
1404 1273 1492 1305 opus.

824 1324 874 1329 —-
896 1306 962 1338 Hic
981 1318 1057 1350 opus
1079 1315 1134 1340 est.
1160 1308 1236 1342 Hoc
1256 1319 1325 1351 est,
1345 1312 1495 1347 Inservi-

824 1370 901 1391 mus
931 1366 1070 1391 tantum
1104 1362 1260 1395 convivis
1273 1389 1281 1404 ,
1311 1365 1371 1409 qui
1401 1366 1496 1400 lectis

825 1410 926 1455 pictis
950 1413 1173 1446 accumbunt.

599 1546 981 1602 CXXXVI.

697 1684 886 1731 LAENAf

159 1835 386 1876 TEMPORE
418 1830 602 1873 brumali
632 1847 721 1874 non
751 1829 934 1874 multum
962 1832 1071 1876 levia
1098 1847 1304 1893 prosunt3

232 1900 480 1946 Calfaciunt
503 1899 592 1942 villi
614 1898 743 1960 pallia
769 1910 914 1944 vestra
938 1903 1036 1945 mei.

162 2040 225 2083 Τὰ
248 2037 346 2097 ψιλὰ
364 2043 599 2098 χειμεριναΐς
620 2042 737 2098 ὥραις
757 2041 800 2081 οὐ
820 2043 1007 2100 χρήσιμα·
1031 2047 1196 2099 μαλλοῖς

275 2103 473 2169 μὲτέροισι
497 2110 586 2151 τεὸν
612 2108 797 2168 θέρμεται
820 2109 991 2168 ἱμάτιον.

146 2230 160 2245 ⁴³
176 2235 263 2267 Lena
280 2234 316 2266 in
332 2232 412 2267 edd.
430 2241 512 2266 vett.
530 2233 642 2271 Male,
658 2241 697 2265 ut
714 2233 764 2265 le-

95 2289 209 2322 ctione
228 2285 484 2332 epigrammatis
500 2293 603 2330 patet.

146 2338 439 2372 —Laena.Vestis
450 2349 595 2382 nempe,
607 2349 683 2382 quae
696 2338 766 2382 pal-

95 2393 150 2426 liis
162 2390 478 2437 superinduebatur
498 2390 631 2431 hieme,
644 2388 689 2422 de
700 2402 767 2435 qua

94 2445 156 2479 lib.
171 2445 261 2485 XII,
280 2443 388 2489 epigr.
408 2455 513 2476 xxxw
524 2468 533 2484 ⁷
550 2457 568 2476 2
582 2454 589 2475 :
613 2459 628 2471 α
644 2443 766 2488 Algen-

97 2507 236 2542 temque
242 2505 356 2541 togam
365 2521 374 2536 ,
384 2496 594 2540 brevemque
603 2495 736 2528 laenam.
747 2513 759 2523 ι»

155 2563 185 2583 1.
210 2550 321 2582 Taenia
341 2547 419 2580 cod.
441 2547 575 2580 Beverl.
597 2547 654 2579 alii
673 2547 763 2580 linea.

100 2623 150 2630 -—
163 2602 271 2634 Levia.
286 2618 299 2630 u
308 2600 433 2641 Qualia
442 2608 524 2634 sunt
537 2599 656 2640 serica,
671 2600 767 2634 bom-

99 2654 243 2698 bycina,
262 2653 361 2686 linea.
385 2670 396 2681 u
423 2652 453 2685 F
453 2651 610 2684 arnabins.

177 2720 263 2761 III.

883 2246 914 2265 2.
927 2235 1045 2267 Nostra
1057 2236 1092 2268 in
1106 2250 1212 2283 marg.
1224 2239 1277 2273 ed.
1292 2242 1369 2276 Par.
1388 2257 1401 2278 1
1411 2248 1431 2279 6
1440 2259 1453 2280 1
1464 2260 1497 2292 7.

825 2286 894 2318 Pro
920 2290 978 2319 mei
1002 2288 1037 2320 in
1059 2288 1138 2322 cod.
1160 2292 1294 2326 Beverl.
1319 2306 1421 2331 semet.
1445 2319 1496 2325 —

829 2337 1011 2381 Calfaciunt
1039 2342 1113 2374 villi
1126 2344 1240 2387 pallia.
1261 2346 1420 2392 Algentia
1439 2352 1495 2385 ni·

826 2390 955 2424 mirum
969 2390 1025 2432 (ut
1039 2394 1144 2440 togis,
1157 2396 1264 2441 epigr.
1280 2411 1376 2445 supr.
1390 2403 1494 2439 citato

825 2444 894 2487 jam
916 2443 1041 2487 dixit);
1062 2459 1144 2492 ergo
1164 2458 1198 2482 et
1214 2449 1320 2494 ipsius
1337 2459 1495 2499 corporis

828 2496 978 2530 calorem
1000 2498 1128 2532 fovent.
1148 2501 1288 2546 Bayfius
1305 2515 1313 2536 :
1337 2505 1410 2539 Nec
1428 2508 1495 2544 hoc

827 2549 903 2581 loco
937 2550 1112 2584 omiserim
1140 2553 1330 2589 Galliarum
1363 2558 1494 2597 incolas

829 2601 911 2634 olim
932 2603 1050 2636 solitos
1068 2605 1154 2649 sagis
1169 2606 1299 2640 villosis
1319 2610 1390 2651 uti,
1410 2625 1492 2658 quas

828 2653 930 2687 laenas
953 2656 1181 2699 appellabant.

1239 2724 1294 2767 16
