1901 3259
334 240 923 285 EPIGRAMMATUM
962 239 1088 283 LIB.
1127 239 1281 283 XIII.

1417 254 1505 299 107

647 392 963 449 XXVIII.

658 527 959 577 coc‘rANA.*

173 669 282 717 ΗΜ)
313 671 390 715 tibi
417 687 513 733 quae
538 681 653 717 torta
672 681 888 717 venerunt
911 671 1086 717 condita
1115 681 1252 727 meta,

244 743 288 786 Si
315 743 479 803 majora
509 742 654 787 forent
681 751 887 799 coctana,
913 741 1022 787 ficus
1050 751 1187 786 erant.

172 883 314 926 Ταῦτά
338 899 400 925 σοι
423 880 449 924 ἂ
474 875 638 941 σπυρίδι
661 882 934 942 κορυφούμενα
964 883 1144 925 κόκτανα
1168 886 1324 942 niam-5

244 939 419 1007 ἤλυθον,
446 950 544 995 εἴτοι
571 952 637 999 ἔην
664 948 847 1011 μείζονα,
873 957 991 995 σῦκον
1020 948 1066 994 ἂν
1091 950 1153 998 ἧν.

157 1086 171 1100 ⁶
206 1088 273 1122 Vas
304 1087 497 1122 Coeanorum
529 1087 607 1122 cod.
640 1088 775 1122 Beverl.

106 1142 173 1175 Vas
186 1149 309 1175 coctan.
326 1140 383 1175 ed.
398 1141 499 1175 Bar-b,
515 1140 598 1175 Vid.
618 1141 775 1175 Turneb.

104 1195 220 1237 XXV,
234 1207 251 1227 2
260 1195 293 1228 8.
304 1194 384 1228 Non
397 1194 561 1228 ultimum
576 1195 704 1228 lemma
717 1206 780 1240 po-

103 1248 156 1282 nit
176 1247 282 1281 etiam
304 1247 508 1281 Scriverius.

160 1312 188 1333 1.
212 1299 312 1334 Cocta
330 1300 437 1334 Palat.
457 1312 523 1346 pro
544 1307 646 1340 torta,
668 1306 702 1333 et
720 1299 778 1333 alii

104 1361 205 1386 menta
229 1366 294 1399 pro
321 1361 413 1387 meta.
438 1375 488 1379 --
512 1351 678 1386 Scribunt
703 1352 778 1395 alii,

104 1414 244 1446 cottana,
257 1406 317 1448 lib.
329 1407 394 1447 IV,
408 1406 518 1452 epigr.
534 1417 713 1439 LxxxvnI.
726 1427 778 1431 —

104 1459 187 1491 Hoec
205 1458 270 1491 tibi,
293 1459 424 1492 Plinius
441 1459 502 1493 lib.
523 1459 611 1492 XIII
624 1484 632 1499 ,
648 1470 724 1504 cap.
742 1458 777 1492 3.

103 1512 146 1544 In
168 1511 316 1545 ficorum
340 1524 467 1557 genere
485 1520 601 1545 autem
620 1523 779 1558 carycas,

104 1572 138 1598 et
162 1565 313 1599 minores
338 1566 411 1611 ejus
434 1565 587 1611 generis,
604 1577 681 1610 quae
699 1576 778 1598 coc-

836 1096 915 1122 tana
942 1096 1080 1122 vocant.
1105 1110 1157 1116 ——
1190 1089 1290 1121 Torta
1317 1096 1408 1122 meta.
1441 1089 1515 1123 Hoc

837 1149 907 1184 est,
935 1153 954 1174 e
982 1141 1083 1175 tortis
1109 1141 1225 1187 juncis
1249 1150 1341 1175 texta
1370 1149 1513 1187 sporta,

836 1194 893 1227 vel
921 1201 1007 1228 testa
1040 1194 1217 1228 turbinata
1247 1194 1284 1227 in
1314 1202 1416 1228 metae
1443 1195 1515 1227 for-

838 1258 951 1288 mam,
967 1254 1006 1280 ut
1025 1247 1085 1280 lib.
1110 1248 1147 1288 I,
1165 1260 1220 1293 ep.
1241 1260 1338 1288 xL1v,
1355 1260 1391 1292 7,
1410 1259 1515 1292 quam

836 1299 898 1332 lib.
920 1300 967 1340 V,
988 1312 1042 1346 ep.
1063 1312 1176 1341 xvm,
1201 1301 1220 1334 3
1234 1326 1244 1341 ,
1261 1300 1350 1334 dixit
1380 1309 1514 1333 acutam

837 1360 970 1386 testam.
992 1354 1044 1386 Ita
1063 1353 1267 1387 Farnabins.
1285 1354 1424 1399 Legunt
1439 1353 1516 1394 alii,
1572 1389 1577 1394 ,

839 1413 921 1438 torta
944 1407 1089 1446 mentha,
1117 1406 1184 1440 hoc
1207 1415 1278 1449 est,
1307 1406 1420 1452 inquit
1444 1408 1515 1439 Do-

837 1458 975 1493 mitius,
1007 1467 1151 1493 coctana
1183 1462 1349 1494 coronata'
1375 1459 1516 1493 mentha

838 1519 948 1553 torta,
968 1520 1007 1546 ut
1022 1513 1174 1546 recentia
1195 1520 1427 1548 servarentur.
1450 1512 1514 1545 Vi-

838 1563 919 1599 deat
949 1565 1071 1599 lector.

688 1698 936 1755 XXIX.

515 1857 695 1886 PRUNA
735 1835 1112 1886 DAMASCENA.*

176 1983 340 2026 PRUNA
367 1982 607 2042 peregrinae
635 1983 750 2026 carie
776 1997 936 2043 rugosa
959 1990 1144 2026 senectae

245 2054 376 2096 Sume
400 2069 407 2095 :
436 2051 576 2096 solent
601 2052 698 2095 duri
724 2051 892 2096 solvere
917 2052 1082 2095 ventris
1105 2067 1228 2096 onus,

174 2191 238 2235 Τὰ
267 2188 452 2252 βράῧυλα
483 2187 592 2247 ξείνῳ
623 2186 851 2251 ῥυτιδώδεα
879 2194 1001 2253 γήραϊ
1027 2186 1153 2242 δέξαι·

244 2260 425 2322 Σκληρὰς
459 2262 701 2322 μαλθάσσειν
727 2264 902 2324 γας-έρας
932 2256 1124 2323 ἁρμόδια.

158 2399 173 2413 *
188 2402 255 2433 Vas
267 2402 533 2434 Damascenorum
546 2400 626 2436 cod.
646 2403 780 2436 Beverl.

105 2451 159 2486 ed.
178 2453 278 2487 Barb.
293 2462 327 2487 et
339 2453 395 2487 alii
411 2455 476 2487 Vas
487 2456 756 2488 Damascenarum
769 2484 778 2497 ‚

106 2505 221 2538 minus
244 2506 344 2539 bene.
370 2507 491 2552 Jungit
521 2506 678 2542 Raderus
707 2507 781 2542 duo

106 2558 177 2592 haec
191 2559 352 2592 lemmata
372 2567 405 2592 et
418 2560 536 2593 scribit
555 2578 567 2589 «
582 2561 696 2594 Pruna
716 2563 781 2594 Da·

106 2622 279 2651 mascena,
298 2624 357 2645 seu
374 2625 431 2645 vas
447 2614 739 2647 Damascenorum
748 2632 777 2643 n-

166 2678 192 2696 ι.
217 2665 396 2706 Peregrimc
415 2673 544 2698 senectoe
558 2693 565 2705 ,
589 2674 654 2700 etc.
675 2667 778 2700 Nem·

841 2414 886 2448 pe
903 2414 1016 2448 pruna
1030 2402 1131 2436 allata
1144 2414 1163 2435 e
1176 2399 1397 2435 meridionali
1407 2398 1519 2445 Syria,

842 2457 940 2499 cujus
966 2457 1157 2489 Damascus
1179 2462 1230 2488 est
1253 2453 1372 2487 civitas
1392 2453 1519 2486 nobili-

841 2517 928 2550 tate,
947 2507 1136 2549 industria,
1155 2507 1281 2552 opibus
1303 2505 1519 2551 principum-

843 2574 910 2607 que
931 2560 1114 2594 domicilio
1140 2568 1218 2593 ante
1247 2557 1426 2592 conditam
1450 2559 1520 2591 An·

842 2614 1008 2648 tiochiam
1022 2610 1363 2647 celeberrima.Vidc
1375 2623 1452 2656 quae
1463 2624 1524 2644 nov

840 2668 989 2700 iavimus
1014 2666 1057 2699 nd
1074 2666 1134 2700 lih.
1149 2666 1197 2703 V,
1213 2665 1320 2710 epigr.
1340 2676 1453 2704 xv¹¹1‚
1470 2663 1500 2695 -3,
