2044 3292
494 189 590 250 296
942 190 1439 233 SUPPOSITITIA.

557 294 668 338 Sunt
686 295 824 354 Tyriae
851 293 1099 354 chlamydes
1114 327 1126 347 ,
1148 291 1264 337 mille
1291 294 1577 336 instrumenta
1591 327 1602 346 ,
1624 290 1799 337 clientes

626 363 750 420 Fi10;
776 364 850 409 sed
879 374 1025 408 tamen
1054 373 1118 407 est
1148 379 1339 424 paupere
1367 363 1611 423 pauperior.

559 435 679 478 Atria
706 445 807 478 sunt
827 433 919 479 Filo
945 432 1078 494 regali
1107 434 1271 478 consita
1295 432 1438 487 cultu3
1882 453 1895 476 5

629 504 714 548 Sed
743 514 889 548 tamen
918 513 982 547 est
1011 502 1126 547 Filus
1156 519 1347 564 paupere
1376 504 1620 564 pauperior.

560 576 705 618 Esurit
731 584 860 634 atque
883 573 971 618 sitit
993 591 1001 616 :
1025 575 1206 634 gemmis
1231 574 1467 618 instructus
1493 582 1536 616 et
1559 588 1689 628 auro,

624 643 813 705 Cyclade
835 645 1016 689 vestitus
1031 679 1043 697 ‚
1070 645 1204 688 esurit
1228 653 1357 705 atque
1384 643 1483 687 sitit.

558 714 733 759 Pondus
764 714 912 759 adesse
937 714 1081 770 famis,
1105 713 1243 776 pallor
1265 715 1509 774 maciesque
1532 712 1789 774 loquuntur:

626 788 770 829 Aurea
798 784 916 829 bulla
943 794 1097 847 negat,
1123 784 1296 847 pondus
1324 784 1472 829 adesse
1499 783 1635 828 famis.

558 856 677 916 Ergo
706 856 837 899 miser
867 872 911 900 se
942 856 1119 900 servitio
1144 872 1224 917 pro
1250 871 1361 916 pane
1385 853 1566 907 locabit3

626 925 711 970 Sed
735 942 789 970 ne
812 927 865 970 sit
886 942 1058 983 servus,
1080 941 1210 970 aurea
1234 924 1350 970 bulla
1373 924 1486 969 facit.

565 996 608 1040 Si
630 1013 735 1041 vero
755 1013 1017 1058 quemquam
1039 995 1227 1058 pulsabit
1247 995 1440 1057 supplice
1459 1006 1584 1052 voto,

627 1068 691 1111 Ut
715 1083 801 1111 non
825 1077 1002 1122 exoret,
1024 1068 1160 1112 serica
1185 1068 1314 1112 vestis
1338 1066 1471 1110 adest.

555 1137 675 1198 Ergo
701 1154 755 1182 ne
781 1148 931 1199 pereat
947 1174 958 1194 ‚
980 1137 1053 1182 fiet
1081 1138 1136 1183 de
1164 1138 1296 1182 divite
1321 1153 1507 1198 pauper3

626 1209 796 1269 Pauper
826 1210 940 1252 enim
973 1208 1111 1253 factus
1140 1208 1270 1253 ditior
1299 1224 1390 1251 esse
1421 1216 1577 1268 potest.

1105 1395 1283 1452 XIV.

1035 1586 1100 1614 AD
1142 1586 1342 1615 AIJLUM.

554 1727 662 1774 NON
688 1730 883 1791 sanguis,
906 1745 994 1772 non
1022 1730 1107 1773 oris
1131 1729 1297 1785 honor,
1319 1744 1409 1773 non
1431 1727 1569 1789 gloria
1592 1743 1767 1784 census,

625 1797 727 1843 Non
757 1799 946 1861 gravitas
975 1815 1148 1844 morum
1177 1799 1396 1861 proderit,
1418 1797 1550 1855 Aule,
1576 1798 1664 1842 tibi.

554 1870 724 1930 Pauper
748 1871 863 1914 enim
891 1879 939 1913 tu
969 1886 1140 1931 semper
1168 1871 1273 1926 eris,
1296 1871 1395 1931 quia
1420 1885 1587 1931 pauper
1611 1886 1656 1913 es
1679 1885 1688 1911 2
1711 1877 1754 1912 et
1780 1876 1823 1911 te

627 1939 802 2001 Colligit
832 1939 1012 1984 ulterior
1035 1940 1239 1985 ulteriore
1268 1939 1438 2002 gradus.

1122 2129 1261 2184 XV.

986 2319 1055 2347 AD
1094 2318 1388 2349 REGULUM.

550 2481 800 2523 Pnffimcu
821 2479 1136 2539 Hermagoras,
1157 2494 1245 2522 non
1271 2477 1473 2522 omnibus
1498 2493 1590 2523 esse
1615 2476 1887 2539 placendum,

618 2548 740 2609 Elige
768 2548 821 2594 de
847 2547 991 2593 multis
1008 2585 1019 2605 ,
1045 2547 1235 2610 Regule,
1256 2550 1325 2593 cui
1348 2547 1528 2609 placeas.
