2044 3292
538 193 598 248 34

910 195 971 237 Μ.
1000 195 1139 238 VAL.
1180 195 1572 239 MARTIALIS

708 280 933 324 Interdum
956 280 1156 325 aureolos
1187 298 1317 326 manu
1344 293 1597 343 crepantes,

708 352 879 395 Possint
909 351 1068 396 ducere
1094 354 1166 413 qui
1191 353 1298 396 duas
1328 352 1571 409 Kalendas,

704 422 837 479 Quod
867 439 1023 477 nemo,
1050 423 1131 467 nisi
1157 433 1227 475 tu,
1260 422 1464 479 Labulle,
1494 423 1657 479 ‹lonas;

708 495 806 536 Non
836 510 906 549 es,
938 493 1067 537 crede
1093 494 1222 549 mihi,
1253 493 1394 537 bonus
1416 511 1424 537 :
1447 495 1551 554 quid
1575 494 1711 556 ergo?

713 565 770 607 Ut
795 580 947 607 verum
978 563 1156 624 loquar,
1185 564 1376 625 optimus
1405 563 1634 609 malorum.

708 635 884 678 Pisones
898 670 909 690 ,
940 636 1212 695 Senecasque
1227 670 1238 689 ,
1267 635 1610 695 Memmiosque,

704 706 760 748 Et
787 706 964 765 Crispos
994 705 1099 748 mihi
1130 704 1284 760 redde,
1313 705 1387 748 sed
1418 706 1597 765 priores.

701 776 795 818 Fies
824 776 1024 835 protinus
1053 774 1232 819 ultimus
1258 775 1491 819 bonorum.

706 846 785 889 Vis
812 862 942 890 cursu
973 845 1244 907 pedibusque
1273 844 1482 907 gloriari?

705 916 872 976 Tigrim
900 917 1046 970 vince,
1079 915 1306 977 levemque
1334 918 1622 960 Passerinum.

703 985 831 1030 Nulla
860 997 926 1031 est
950 985 1087 1048 gloria
1113 988 1334 1048 praeterire
1363 986 1529 1031 asellos.

532 1119 627 1152 enim
656 1131 766 1153 crassa
795 1120 903 1165 frigus
933 1120 1125 1154 admittunt
1149 1133 1211 1166 per

533 1173 716 1206 intervalla
737 1173 942 1206 staminum.

587 1225 619 1269 3.
641 1226 808 1259 Aureolos.
829 1226 909 1260 Lib.
924 1227 970 1267 V,
992 1226 1103 1272 epigr.
1124 1239 1185 1260 xlx
1204 1253 1212 1268 ,

539 1283 580 1318 14
603 1291 610 1311 ;
635 1296 647 1307 «ι
663 1279 733 1320 Qui
749 1287 868 1324 crepet
886 1280 1050 1313 aureolos
1067 1280 1213 1313 forsitan

534 1344 623 1365 unus
643 1332 719 1366 crit.
738 1350 751 1362 u

586 1389 620 1425 4.
638 1385 729 1417 Duas
748 1385 926 1419 Kalendas.
942 1387 1101 1419 Duorum
1119 1398 1213 1419 men-

533 1438 622 1471 sium
642 1436 781 1472 diaetam
802 1447 835 1472 et
857 1439 1001 1472 victum.

590 1503 623 1535 7.
647 1490 794 1536 Optimus
830 1492 992 1525 malorum.
1026 1491 1103 1525 Hoc
1133 1500 1185 1525 est
1203 1518 1212 1533 ‚

534 1544 591 1576 Tu
618 1556 653 1576 es
688 1545 779 1579 iuter
807 1558 928 1579 avaros
957 1545 1211 1579 munificentis-

536 1596 655 1630 simus.

589 1651 622 1683 8.
643 1650 786 1683 Pisones.
809 1651 946 1692 Quibus
967 1650 1012 1684 de
1035 1659 1107 1684 arte
1129 1663 1214 1697 poe-

536 1702 601 1735 tica
622 1702 753 1736 librum
769 1701 948 1738 dedicavit
965 1704 1141 1738 Horatius.
1163 1705 1215 1737 De

1273 1120 1398 1166 Crispo
1431 1128 1465 1154 et
1494 1119 1624 1153 Seneca
1655 1132 1760 1164 supra
1801 1119 1951 1153 dictum.

1273 1173 1444 1206 Memmio
1472 1186 1556 1206 vcro
1581 1185 1680 1206 suum
1702 1185 1825 1218 poema
1853 1171 1952 1206 detli-

1273 1226 1362 1260 cavit
1378 1226 1573 1259 Lucretius.

1332 1292 1389 1312 10.
1412 1279 1547 1312 Ultimus
1578 1279 1738 1311 bonorum.
1770 1278 1846 1311 Hoc
1883 1286 1953 1319 est,

1275 1331 1454 1365 Munificis
1484 1332 1538 1365 his
1565 1332 1649 1365 viris
1680 1332 1784 1376 longe
1807 1331 1952 1364 inferior

1274 1385 1356 1419 eris.

1332 1451 1344 1471 1
1357 1451 1388 1472 2.
1407 1439 1544 1482 Tigrim,
1558 1439 1770 1470 Passerinum.
1783 1437 1882 1479 Quos
1895 1437 1954 1470 alii

1273 1504 1380 1537 equos
1396 1491 1629 1525 velocissimos
1647 1491 1752 1524 fuisse
1764 1516 1774 1532 ‚
1795 1490 1852 1523 alii
1873 1502 1955 1524 cur-

1273 1558 1368 1578 sores
1386 1545 1562 1577 affirmant
1575 1557 1583 1578 ε
1596 1544 1733 1577 lib.V11
1745 1570 1752 1583 ,
1768 1543 1955 1589 epigrwn.

1278 1619 1329 1624 —-
1348 1598 1448 1631 Prius
1470 1610 1533 1643 ego
1554 1597 1783 1643 praetulerim.
1800 1597 1868 1629 En.

1334 1652 1392 1685 13.
1432 1651 1602 1683 Pacta-ire
1646 1650 1769 1682 asellos.
1804 1650 1958 1682 Vincere

1277 1716 1398 1737 avaros
1410 1729 1420 1742 .,
1442 1716 1529 1749 quos
1549 1703 1660 1737 asellis
1677 1710 1866 1748 comparat.

1081 1833 1422 1890 XXXVII.

1052 1982 1107 2010 IN
1147 1982 1435 2012 NASUTUM.

718 2110 938 2152 'NASUTUS
966 2108 1148 2152 nimium
1181 2109 1303 2169 cupis
1332 2107 1480 2151 videri.

721 2179 935 2223 Nasutum
966 2178 1088 2232 volo,
1120 2178 1222 2222 nolo
1251 2178 1523 2240 polyposum.

608 2319 636 2340 1.
666 2307 820 2340 Nasutus.
856 2306 1018 2339 Iri-isores
1056 2305 1224 2338 dicuutur

550 2361 661 2394 nasuti
673 2386 681 2402 ‚
702 2360 759 2392 lib.
781 2360 797 2392 I
810 2385 818 2400 ,
832 2360 942 2405 epigr.
958 2372 993 2392 iv
1010 2370 1017 2391 :
1035 2376 1047 2387 «
1064 2359 1108 2391 Et
1123 2359 1224 2403 pueri

525 2405 530 2412 .
548 2426 668 2446 nasum
698 2413 930 2446 rhinocerotis
952 2412 1094 2445 habent.
1119 2428 1131 2440 »ι
1152 2411 1224 2443 Ηο-

548 2467 678 2507 ratius,
699 2465 794 2500 satir.
817 2466 855 2507 I,
874 2478 928 2506 vi,
953 2466 993 2499 5:
1016 2482 1029 2495 ι
1056 2465 1148 2498 Naso
1172 2477 1226 2497 su-

548 2519 691 2565 spendis
719 2518 856 2552 adunco
890 2520 1045 2564 Ignotos.
1072 2535 1084 2547 »2
1107 2518 1224 2558 Quem

550 2571 630 2605 vide
643 2573 885 2611 etiamlih.11,
898 2580 959 2605 sat.
973 2585 986 2604 x
998 2584 1057 2612 111,
1070 2573 1130 2611 64.
1142 2571 1225 2603 Sen-

549 2638 605 2658 sus
622 2634 671 2659 est
685 2626 795 2659 :Volo
813 2627 985 2659 urbanum
1007 2633 1041 2658 et
1062 2632 1203 2657 acutum
1215 2649 1224 2664 ,

1283 2317 1354 2338 non
1366 2304 1530 2350 putidum
1543 2313 1575 2338 et
1589 2305 1746 2351 ineptum
1757 2304 1959 2339 derisorem.

1341 2371 1357 2390 2
1366 2385 1373 2391 .
1387 2358 1677 2403 Nolopoljposum.
1686 2358 1900 2404 QuiPolypo
1912 2359 1962 2392 in-

1285 2410 1423 2444 ficiatur
1435 2424 1444 2451 ;
1455 2412 1605 2457 polypus
1616 2423 1700 2444 vero
1714 2420 1765 2445 est
1779 2412 1853 2445 nasi
1866 2424 1960 2445 mor-

1285 2465 1369 2505 bus,
1391 2463 1435 2497 de
1452 2477 1524 2509 quo
1545 2464 1664 2498 Celsus
1680 2465 1813 2505 lib.VI‚
1825 2477 1899 2511 cap.
1914 2466 1958 2505 8;

1286 2517 1347 2563 qui
1364 2530 1405 2550 eo
1421 2518 1544 2550 morbo
1559 2518 1719 2551 laborant
1735 2518 1898 2564 polyposi
1912 2517 1963 2551 di-

1286 2579 1427 2610 cuntur,
1445 2583 1532 2616 quos
1554 2570 1622 2604 hoc
1640 2572 1717 2604 loco
1733 2571 1839 2604 sumit
1857 2571 1962 2604 Poeta

1285 2636 1350 2669 pro
1363 2622 1496 2668 putidis
1517 2632 1551 2657 et
1567 2623 1759 2658 rancidulis
1776 2623 1916 2657 scurris.
