2044 3292
500 176 596 222 216

875 179 937 222 M.
970 180 1108 224 VAL.
1148 180 1524 225 MARTIALIS

1139 331 1271 391 XC.

948 486 1149 517 MENSA
1201 487 1456 518 ACERNA.

564 611 672 656 NON
699 627 795 655 sum
821 611 965 673 crispa
989 611 1190 672 quidem,
1211 628 1292 657 nec
1318 611 1438 657 silvae
1463 611 1551 656 filia
1579 613 1773 667 Maurae3

636 681 722 726 Sed
751 691 916 725 norunt
939 681 1078 727 lautas
1104 693 1148 727 et
1171 699 1267 727 mea
1296 682 1412 744 ligna
1441 682 1590 744 dapes.

568 822 684 869 Μήτ’
713 822 837 875 οὔλη,
864 824 961 881 μήτ’
987 823 1066 883 εἰμι
1095 824 1206 884 γένος
1237 817 1489 883 Μαυριτίδος
1516 824 1626 872 ὕλης·

638 879 756 953 ἤγνω
785 887 981 950 δαψιλέας
1009 894 1077 937 καὶ
1104 890 1204 944 ξύλα
1235 888 1380 945 δαῖτας
1412 892 1504 953 ἐμοί.

557 1042 588 1064 1.
605 1029 719 1076 Crispa
730 1030 866 1076 quidem.
882 1031 932 1064 Ut
948 1031 1063 1065 citreae
1079 1044 1176 1065 men-

501 1095 546 1117 sae
556 1095 598 1116 ex
614 1083 824 1116 Mauritania
834 1110 843 1125 ‚
852 1083 960 1116 modo
971 1097 1026 1128 ep.
1038 1097 1176 1118 Lxxxrx.

500 1158 554 1162 —
571 1136 640 1169 Nec
656 1135 838 1181 silvaefilia.
856 1136 936 1169 Non
953 1149 1027 1169 suni
1045 1145 1123 1170 nata
1141 1137 1177 1170 in

501 1189 642 1222 Atlante
663 1197 782 1222 monte
798 1197 832 1222 et
854 1189 937 1223 silva
953 1189 1178 1232 Maurorum,

504 1249 543 1275 ut
559 1241 684 1281 citrea,
704 1250 769 1276 etc.

558 1307 589 1327 2.
612 1295 661 1327 Ee
676 1308 742 1328 mea
758 1296 857 1340 ligna.
879 1294 1075 1328 Secundam
1094 1308 1112 1328 a
1129 1295 1178 1328 ci·

1236 1040 1291 1065 tro
1302 1031 1453 1077 palmam
1464 1023 1720 1069 obtinuit'acer,
1730 1030 1834 1062 arbor
1844 1040 1915 1061 am-

1236 1084 1389 1129 plissima
1403 1096 1551 1129 operum
1567 1082 1733 1128 elegantia
1751 1094 1790 1114 ac
1806 1080 1910 1114 subti-

1238 1137 1347 1170 litate.
1360 1137 1448 1170 Plin.
1464 1137 1523 1169 lib.
1536 1136 1623 1169 XVI
1634 1160 1644 1177 ‚
1657 1148 1731 1181 cap.
1756 1134 1788 1168 5.
1808 1132 1914 1166 Unde

1238 1189 1286 1223 sic
1303 1188 1431 1223 dictam
1449 1189 1573 1221 volunt
1584 1214 1593 1230 ‚
1607 1187 1702 1234 quod
1719 1190 1805 1220 acria
1826 1187 1859 1219 in
1875 1198 1915 1219 ea

1239 1243 1412 1275 artificum
1426 1242 1562 1286 ingenia
1575 1248 1809 1274 exerceantur.
1830 1238 1913 1272 Rad.

1240 1317 1278 1321 —
1293 1293 1361 1328 Sed
1372 1295 1546 1341 quantitas
1556 1307 1626 1328 non
1639 1292 1762 1328 eadem
1774 1300 1835 1326 est.
1846 1291 1913 1325 En.

1122 1440 1290 1499 XCI.

952 1597 1186 1626 DENTES
1235 1598 1473 1626 EBOREl.

572 1726 799 1768 GRAnmA
830 1733 1056 1768 taurorum
1087 1733 1265 1784 portant
1295 1724 1368 1784 qui
1393 1740 1602 1784 corpora,
1629 1724 1811 1784 quaeris,

639 1796 708 1838 An
739 1794 925 1855 Libycas
954 1795 1121 1855 possint
1147 1795 1400 1838 sustinuisse
1423 1792 1600 1838 trabes?

572 1938 736 1996 Σώματ’
763 1935 988 1997 ἀειράμενοι
1012 1938 1178 1998 ταύρεια
1204 1939 1400 1996 πελώρια,
1424 1942 1508 1987 πῶς
1537 1939 1581 1979 οὐ

643 2009 725 2050 Καὶ
751 2002 918 2058 σανίδας
947 2004 1126 2058 Λιὲυκὰς
1153 2006 1282 2068 ἅρκιοί
1305 2007 1379 2051 εἰσι
1402 2008 1551 2066 φέρειν;

570 2158 599 2179 1.
638 2145 787 2179 Grandia
823 2154 993 2179 taurorum.
1029 2145 1180 2191 Elephas

506 2200 600 2233 enim
614 2202 647 2231 in
662 2210 763 2231 arena
777 2198 952 2232 exhibitus
966 2208 1083 2231 tauros
1097 2197 1181 2232 den-

506 2252 601 2286 tibus
626 2251 795 2296 jactabat,
820 2251 872 2284 uti
900 2260 933 2284 et
963 2251 1179 2285 rhinoceros.

504 2304 610 2339 Unde
621 2306 691 2350 jam
701 2303 852 2338 Martial.
864 2305 924 2337 lib.
941 2304 1057 2350 Spect.
1070 2304 1178 2349 epigr.

505 2370 541 2391 xl
555 2370 585 2391 t«
602 2357 789 2402 Elephas...
802 2357 868 2390 Hic
885 2356 991 2390 modo
1004 2357 1063 2403 qui
1080 2366 1180 2390 tauro

505 2420 576 2444 tani
610 2408 820 2444 metuendus
855 2419 929 2443 erat
960 2428 997 2451 u,
1025 2418 1059 2442 et
1091 2422 1177 2443 xlx:

504 2464 641 2497 Taurus
645 2490 706 2497 .....
730 2462 906 2496 Occubuit
934 2462 1073 2496 tandem
1103 2476 1179 2496 cor-

504 2526 594 2550 nuto
616 2515 739 2550 ardore
766 2515 903 2560 petitus.
923 2517 1015 2548 Dum
1043 2516 1180 2549 facilem

505 2570 579 2602 tolli
608 2570 655 2602 sic
685 2569 868 2614 elephanta
899 2577 1006 2614 putat.
1029 2587 1041 2597 »ι
1063 2570 1180 2613 Atque

505 2624 551 2655 ita
576 2623 800 2667 elephantum
824 2621 945 2654 dentes
964 2622 1107 2655 eburnei
1131 2622 1179 2654 fa—

503 2675 567 2707 cile
583 2688 735 2709 inensam
755 2675 896 2709 citream
914 2675 1068 2709 fulcient.
1087 2673 1179 2708 Vide

1240 2145 1300 2179 lib.
1320 2146 1376 2186 ΙΙ,
1394 2145 1502 2190 epigr.
1523 2155 1616 2178 x1.111
1630 2169 1639 2185 ,
1658 2152 1693 2177 et
1716 2144 1775 2177 lib.
1798 2144 1915 2189 Spect.

1241 2198 1350 2243 epigr.
1371 2210 1441 2231 xix.

1297 2264 1327 2284 2.
1361 2251 1495 2297 Lybt'cas
1533 2250 1645 2282 trabes.
1685 2249 1846 2294 Namque
1877 2261 1919 2282 ex

1242 2304 1359 2337 Africa
1370 2301 1459 2349 (quae
1472 2301 1566 2348 apud
1578 2302 1718 2336 Graecos
1735 2300 1836 2337 AtCt'm
1847 2295 1862 2344 )
1874 2301 1921 2334 ci-

1241 2365 1316 2389 trus
1329 2356 1460 2401 optima
1478 2355 1726 2389 advehebatur.
1740 2355 1850 2387 Porro
1864 2354 1921 2387 his

1241 2410 1435 2455 plurimum
1474 2408 1714 2454 elephantiam
1752 2406 1918 2446 dentibus

1242 2475 1368 2496 inensae
1385 2462 1655 2495 sustinebantur.
1668 2462 1749 2494 Juv.
1764 2459 1832 2493 Sat.
1850 2460 1919 2500 XI,

1247 2520 1316 2554 ¹24
1332 2542 1339 2553 ‚
1364 2533 1376 2543 u
1393 2516 1496 2548 Latos
1536 2515 1601 2547 nisi
1634 2514 1780 2547 sustinet
1816 2513 1919 2545 orbes

1241 2567 1385 2601 Grande
1410 2569 1498 2601 ebur
1529 2576 1563 2600 et
1597 2579 1724 2612 magno
1760 2565 1918 2599 sublimis

1241 2620 1369 2667 pardus
1385 2621 1480 2653 hiatu
1497 2620 1672 2654 Dentibus
1687 2633 1728 2653 ex
1747 2619 1814 2652 illis
1830 2630 1919 2663 quos

1242 2675 1346 2708 mittit
1367 2682 1466 2721 porta
1485 2675 1623 2720 Syenes.
