<?xml version="1.0" encoding="UTF-8"?>
<!DOCTYPE html PUBLIC "-//W3C//DTD XHTML 1.0 Transitional//EN"
    "http://www.w3.org/TR/xhtml1/DTD/xhtml1-transitional.dtd">
<html xmlns="http://www.w3.org/1999/xhtml" xml:lang="en" lang="en">
 <head>
  <title>
</title>
<meta http-equiv="Content-Type" content="text/html;charset=utf-8" />
  <meta name='ocr-system' content='tesseract 3.04.00' />
  <meta name='ocr-capabilities' content='ocr_page ocr_carea ocr_par ocr_line ocrx_word'/>
</head>
<body>
  <div class='ocr_page' id='page_1' title='image "./epigrammata03martuoft_0322.png"; bbox 0 0 2044 3292; ppageno 0'>
   <div class='ocr_carea' id='block_1_1' title="bbox 486 217 1504 280">
    <p class='ocr_par' dir='ltr' id='par_1_1' title="bbox 486 217 1504 280">
     <span class='ocr_line' id='line_1_1' title="bbox 486 217 1504 280; baseline -0.011 -9"><span class='ocrx_word' id='word_1_1' title='bbox 486 227 583 280; x_wconf 71' lang='lat'>244</span> <span class='ocrx_word' id='word_1_2' title='bbox 867 221 927 263; x_wconf 91' lang='lat' dir='ltr'>M.</span> <span class='ocrx_word' id='word_1_3' title='bbox 952 220 1090 263; x_wconf 89' lang='lat' dir='ltr'>VAL.</span> <span class='ocrx_word' id='word_1_4' title='bbox 1132 217 1504 261; x_wconf 89' lang='lat' dir='ltr'>MARTIALIS</span> 
     </span>
    </p>
   </div>
   <div class='ocr_carea' id='block_1_2' title="bbox 1001 365 1370 424">
    <p class='ocr_par' dir='ltr' id='par_1_2' title="bbox 1001 365 1370 424">
     <span class='ocr_line' id='line_1_2' title="bbox 1001 365 1370 424; baseline -0.008 0"><span class='ocrx_word' id='word_1_5' title='bbox 1001 365 1370 424; x_wconf 89' lang='lat' dir='ltr'>CXXXIX.</span> 
     </span>
    </p>
   </div>
   <div class='ocr_carea' id='block_1_3' title="bbox 893 491 1485 540">
    <p class='ocr_par' dir='ltr' id='par_1_3' title="bbox 893 491 1485 540">
     <span class='ocr_line' id='line_1_3' title="bbox 893 491 1485 540; baseline -0.002 0"><span class='ocrx_word' id='word_1_6' title='bbox 893 511 1123 540; x_wconf 57' lang='lat' dir='ltr'>cucuma</span> <span class='ocrx_word' id='word_1_7' title='bbox 1164 491 1485 539; x_wconf 38' lang='grc' dir='ltr'>ΙΛΙΒΠΒΝΙΟΙῘι</span> 
     </span>
    </p>
   </div>
   <div class='ocr_carea' id='block_1_4' title="bbox 553 623 1615 751">
    <p class='ocr_par' dir='ltr' id='par_1_4' title="bbox 553 623 1615 751">
     <span class='ocr_line' id='line_1_4' title="bbox 553 623 1615 681; baseline -0.009 -3"><span class='ocrx_word' id='word_1_8' title='bbox 553 637 575 678; x_wconf 87' lang='lat' dir='ltr'>J</span> <span class='ocrx_word' id='word_1_9' title='bbox 583 645 768 678; x_wconf 78' lang='lat' dir='ltr'>UNGERE</span> <span class='ocrx_word' id='word_1_10' title='bbox 798 627 972 671; x_wconf 85' lang='lat' dir='ltr'>nescisti</span> <span class='ocrx_word' id='word_1_11' title='bbox 997 625 1120 669; x_wconf 89' lang='lat' dir='ltr'>nobis</span> <span class='ocrx_word' id='word_1_12' title='bbox 1135 659 1147 679; x_wconf 87' lang='lat'>‚</span> <span class='ocrx_word' id='word_1_13' title='bbox 1169 641 1195 668; x_wconf 91' lang='lat' dir='ltr'>o</span> <span class='ocrx_word' id='word_1_14' title='bbox 1221 624 1374 681; x_wconf 84' lang='lat' dir='ltr'>stulte,</span> <span class='ocrx_word' id='word_1_15' title='bbox 1398 623 1615 680; x_wconf 77' lang='lat' dir='ltr'>lacernas3</span> 
     </span>
     <span class='ocr_line' id='line_1_5' title="bbox 624 693 1375 751; baseline -0.009 -6"><span class='ocrx_word' id='word_1_16' title='bbox 624 699 833 745; x_wconf 73' lang='lat' dir='ltr'>indueras</span> <span class='ocrx_word' id='word_1_17' title='bbox 857 696 1002 751; x_wconf 81' lang='lat' dir='ltr'>albas3</span> <span class='ocrx_word' id='word_1_18' title='bbox 1028 711 1136 739; x_wconf 85' lang='lat' dir='ltr'>exue</span> <span class='ocrx_word' id='word_1_19' title='bbox 1161 693 1375 740; x_wconf 81' lang='lat' dir='ltr'>callainas.</span> 
     </span>
    </p>
   </div>
   <div class='ocr_carea' id='block_1_5' title="bbox 555 811 1577 954">
    <p class='ocr_par' dir='ltr' id='par_1_5' title="bbox 555 811 1577 954">
     <span class='ocr_line' id='line_1_6' title="bbox 555 811 1577 884; baseline -0.009 -16"><span class='ocrx_word' id='word_1_20' title='bbox 555 813 671 884; x_wconf 71' lang='grc' dir='ltr'>Ᾰμμι</span> <span class='ocrx_word' id='word_1_21' title='bbox 701 838 745 883; x_wconf 85' lang='grc' dir='ltr'>γε</span> <span class='ocrx_word' id='word_1_22' title='bbox 770 812 1057 880; x_wconf 73' lang='grc' dir='ltr'>φαινολίδων</span> <span class='ocrx_word' id='word_1_23' title='bbox 1035 821 1080 868; x_wconf 82' lang='grc' dir='ltr'>ὰς</span> <span class='ocrx_word' id='word_1_24' title='bbox 1101 811 1165 860; x_wconf 76' lang='grc' dir='ltr'>δεῖ</span> <span class='ocrx_word' id='word_1_25' title='bbox 1181 820 1224 861; x_wconf 82' lang='grc' dir='ltr'>οὐ</span> <span class='ocrx_word' id='word_1_26' title='bbox 1244 813 1425 878; x_wconf 78' lang='grc' dir='ltr'>ζευγεμεν</span> <span class='ocrx_word' id='word_1_27' title='bbox 1446 814 1577 860; x_wconf 76' lang='grc' dir='ltr'>οἶσθα·</span> 
     </span>
     <span class='ocr_line' id='line_1_7' title="bbox 626 882 1384 954; baseline -0.009 -18"><span class='ocrx_word' id='word_1_28' title='bbox 626 887 834 954; x_wconf 80' lang='grc' dir='ltr'>Ᾱργυφέας</span> <span class='ocrx_word' id='word_1_29' title='bbox 863 884 1014 942; x_wconf 79' lang='grc' dir='ltr'>ἐνέδυς,</span> <span class='ocrx_word' id='word_1_30' title='bbox 1045 882 1180 931; x_wconf 75' lang='grc' dir='ltr'>ἕκδυθι</span> <span class='ocrx_word' id='word_1_31' title='bbox 1205 889 1384 938; x_wconf 83' lang='grc' dir='ltr'>κυανέας</span> 
     </span>
    </p>
   </div>
   <div class='ocr_carea' id='block_1_6' title="bbox 485 1009 1166 2631">
    <p class='ocr_par' dir='ltr' id='par_1_6' title="bbox 538 1009 1160 1050">
     <span class='ocr_line' id='line_1_8' title="bbox 538 1009 1160 1050; baseline -0.013 0"><span class='ocrx_word' id='word_1_32' title='bbox 538 1013 554 1028; x_wconf 82' lang='lat'><em>*</em></span> <span class='ocrx_word' id='word_1_33' title='bbox 577 1015 702 1050; x_wconf 79' lang='lat' dir='ltr'><em>Cuculli</em></span> <span class='ocrx_word' id='word_1_34' title='bbox 731 1013 763 1046; x_wconf 92' lang='lat' dir='ltr'><em>F</em></span> <span class='ocrx_word' id='word_1_35' title='bbox 764 1011 897 1045; x_wconf 67' lang='lat' dir='ltr'>ihm-niet</span> <span class='ocrx_word' id='word_1_36' title='bbox 917 1009 994 1043; x_wconf 91' lang='lat' dir='ltr'>cod.</span> <span class='ocrx_word' id='word_1_37' title='bbox 1018 1010 1160 1043; x_wconf 85' lang='lat' dir='ltr'>Thuan.</span> 
     </span>
    </p>

    <p class='ocr_par' dir='ltr' id='par_1_7' title="bbox 485 1062 1166 2375">
     <span class='ocr_line' id='line_1_9' title="bbox 537 1062 1158 1111; baseline -0.013 -9"><span class='ocrx_word' id='word_1_38' title='bbox 537 1091 589 1097; x_wconf 92' lang='lat'><em>-</em></span> <span class='ocrx_word' id='word_1_39' title='bbox 602 1069 662 1101; x_wconf 85' lang='lat' dir='ltr'>Est</span> <span class='ocrx_word' id='word_1_40' title='bbox 681 1063 838 1111; x_wconf 85' lang='lat' dir='ltr'>Illyridis</span> <span class='ocrx_word' id='word_1_41' title='bbox 859 1063 955 1108; x_wconf 87' lang='lat' dir='ltr'>regio</span> <span class='ocrx_word' id='word_1_42' title='bbox 975 1062 1158 1095; x_wconf 81' lang='lat' dir='ltr'>Liburnia.</span> 
     </span>
     <span class='ocr_line' id='line_1_10' title="bbox 486 1114 1160 1158; baseline -0.018 0"><span class='ocrx_word' id='word_1_43' title='bbox 486 1124 611 1158; x_wconf 85' lang='lat' dir='ltr'>Lazius</span> <span class='ocrx_word' id='word_1_44' title='bbox 634 1119 792 1154; x_wconf 81' lang='lat' dir='ltr'>Crabaten</span> <span class='ocrx_word' id='word_1_45' title='bbox 811 1125 844 1150; x_wconf 91' lang='lat' dir='ltr'>et</span> <span class='ocrx_word' id='word_1_46' title='bbox 863 1116 966 1149; x_wconf 79' lang='lat' dir='ltr'>Krain</span> <span class='ocrx_word' id='word_1_47' title='bbox 981 1141 990 1155; x_wconf 91' lang='lat'><strong><em>,</em></strong></span> <span class='ocrx_word' id='word_1_48' title='bbox 1016 1114 1160 1148; x_wconf 86' lang='lat' dir='ltr'>Pinetus</span> 
     </span>
     <span class='ocr_line' id='line_1_11' title="bbox 489 1167 1160 1213; baseline -0.016 -3"><span class='ocrx_word' id='word_1_49' title='bbox 489 1175 636 1211; x_wconf 77' lang='lat' dir='ltr'>Contudo</span> <span class='ocrx_word' id='word_1_50' title='bbox 668 1173 702 1205; x_wconf 82' lang='lat' dir='ltr'>di</span> <span class='ocrx_word' id='word_1_51' title='bbox 733 1172 826 1204; x_wconf 77' lang='lat' dir='ltr'>Zara</span> <span class='ocrx_word' id='word_1_52' title='bbox 860 1167 1033 1213; x_wconf 73' lang='lat' dir='ltr'>indigitat.</span> <span class='ocrx_word' id='word_1_53' title='bbox 1070 1167 1160 1200; x_wconf 84' lang='lat' dir='ltr'>Huic</span> 
     </span>
     <span class='ocr_line' id='line_1_12' title="bbox 485 1219 1161 1273; baseline -0.018 -10"><span class='ocrx_word' id='word_1_54' title='bbox 485 1229 694 1273; x_wconf 83' lang='lat' dir='ltr'>suffragatur</span> <span class='ocrx_word' id='word_1_55' title='bbox 715 1222 902 1269; x_wconf 81' lang='lat' dir='ltr'><strong>vegetius,</strong></span> <span class='ocrx_word' id='word_1_56' title='bbox 925 1220 984 1266; x_wconf 91' lang='lat' dir='ltr'>qui</span> <span class='ocrx_word' id='word_1_57' title='bbox 1003 1219 1087 1253; x_wconf 86' lang='lat' dir='ltr'>dicit</span> <span class='ocrx_word' id='word_1_58' title='bbox 1102 1220 1161 1253; x_wconf 89' lang='lat' dir='ltr'>Li·</span> 
     </span>
     <span class='ocr_line' id='line_1_13' title="bbox 485 1275 1162 1320; baseline -0.018 -4"><span class='ocrx_word' id='word_1_59' title='bbox 485 1281 649 1316; x_wconf 87' lang='lat' dir='ltr'>burniam</span> <span class='ocrx_word' id='word_1_60' title='bbox 662 1276 840 1311; x_wconf 85' lang='lat' dir='ltr'>Dalmatiae</span> <span class='ocrx_word' id='word_1_61' title='bbox 854 1283 987 1320; x_wconf 87' lang='lat' dir='ltr'>partem</span> <span class='ocrx_word' id='word_1_62' title='bbox 1002 1285 1084 1306; x_wconf 76' lang='lat' dir='ltr'>csse.</span> <span class='ocrx_word' id='word_1_63' title='bbox 1100 1275 1162 1305; x_wconf 80' lang='grc' dir='ltr'><em>()ι·-</em></span> 
     </span>
     <span class='ocr_line' id='line_1_14' title="bbox 487 1326 1161 1371; baseline -0.016 -3"><span class='ocrx_word' id='word_1_64' title='bbox 487 1335 588 1368; x_wconf 80' lang='lat' dir='ltr'>telius.</span> <span class='ocrx_word' id='word_1_65' title='bbox 606 1352 657 1358; x_wconf 93' lang='lat'>—</span> <span class='ocrx_word' id='word_1_66' title='bbox 669 1329 849 1364; x_wconf 82' lang='lat' dir='ltr'>Immerito</span> <span class='ocrx_word' id='word_1_67' title='bbox 867 1326 1004 1371; x_wconf 86' lang='lat' dir='ltr'>Vegetii</span> <span class='ocrx_word' id='word_1_68' title='bbox 1025 1335 1161 1359; x_wconf 85' lang='lat' dir='ltr'>senten-</span> 
     </span>
     <span class='ocr_line' id='line_1_15' title="bbox 488 1378 1160 1425; baseline -0.016 -4"><span class='ocrx_word' id='word_1_69' title='bbox 488 1388 569 1421; x_wconf 86' lang='lat' dir='ltr'>tiam</span> <span class='ocrx_word' id='word_1_70' title='bbox 588 1393 694 1418; x_wconf 85' lang='lat' dir='ltr'>totam</span> <span class='ocrx_word' id='word_1_71' title='bbox 711 1383 769 1416; x_wconf 90' lang='lat' dir='ltr'>hic</span> <span class='ocrx_word' id='word_1_72' title='bbox 783 1382 955 1425; x_wconf 82' lang='lat' dir='ltr'><strong>interpres</strong></span> <span class='ocrx_word' id='word_1_73' title='bbox 972 1378 1160 1424; x_wconf 76' lang='lat' dir='ltr'>adoptavit.</span> 
     </span>
     <span class='ocr_line' id='line_1_16' title="bbox 488 1433 1163 1485; baseline -0.018 -11"><span class='ocrx_word' id='word_1_74' title='bbox 488 1441 613 1485; x_wconf 89' lang='lat' dir='ltr'>Neque</span> <span class='ocrx_word' id='word_1_75' title='bbox 634 1437 727 1470; x_wconf 90' lang='lat' dir='ltr'>enim</span> <span class='ocrx_word' id='word_1_76' title='bbox 749 1433 927 1467; x_wconf 79' lang='lat' dir='ltr'>Dalmatiae</span> <span class='ocrx_word' id='word_1_77' title='bbox 950 1444 1029 1477; x_wconf 81' lang='lat' dir='ltr'>pars</span> <span class='ocrx_word' id='word_1_78' title='bbox 1048 1443 1085 1464; x_wconf 87' lang='lat' dir='ltr'>re</span> <span class='ocrx_word' id='word_1_79' title='bbox 1104 1443 1163 1463; x_wconf 74' lang='lat' dir='ltr'>ve-</span> 
     </span>
     <span class='ocr_line' id='line_1_17' title="bbox 488 1483 1162 1536; baseline -0.015 -10"><span class='ocrx_word' id='word_1_80' title='bbox 488 1506 524 1526; x_wconf 85' lang='lat' dir='ltr'>ra</span> <span class='ocrx_word' id='word_1_81' title='bbox 535 1519 544 1534; x_wconf 87' lang='lat'>,</span> <span class='ocrx_word' id='word_1_82' title='bbox 559 1502 675 1536; x_wconf 88' lang='lat' dir='ltr'>neque</span> <span class='ocrx_word' id='word_1_83' title='bbox 691 1485 846 1533; x_wconf 86' lang='lat' dir='ltr'>Illyridis</span> <span class='ocrx_word' id='word_1_84' title='bbox 861 1484 1032 1518; x_wconf 83' lang='lat' dir='ltr'>Liburnia</span> <span class='ocrx_word' id='word_1_85' title='bbox 1047 1483 1162 1517; x_wconf 73' lang='lat' dir='ltr'>existi-</span> 
     </span>
     <span class='ocr_line' id='line_1_18' title="bbox 487 1537 1163 1583; baseline -0.016 -4"><span class='ocrx_word' id='word_1_86' title='bbox 487 1543 614 1578; x_wconf 82' lang='lat' dir='ltr'>manda</span> <span class='ocrx_word' id='word_1_87' title='bbox 632 1551 681 1576; x_wconf 89' lang='lat' dir='ltr'>est</span> <span class='ocrx_word' id='word_1_88' title='bbox 695 1549 747 1574; x_wconf 87' lang='lat' dir='ltr'>:at</span> <span class='ocrx_word' id='word_1_89' title='bbox 758 1539 868 1573; x_wconf 89' lang='lat' dir='ltr'>errori</span> <span class='ocrx_word' id='word_1_90' title='bbox 881 1538 930 1571; x_wconf 88' lang='lat' dir='ltr'>illi</span> <span class='ocrx_word' id='word_1_91' title='bbox 941 1549 1017 1583; x_wconf 83' lang='lat' dir='ltr'>quae</span> <span class='ocrx_word' id='word_1_92' title='bbox 1031 1537 1074 1569; x_wconf 93' lang='lat' dir='ltr'>sit</span> <span class='ocrx_word' id='word_1_93' title='bbox 1087 1548 1163 1569; x_wconf 87' lang='lat' dir='ltr'>cau-</span> 
     </span>
     <span class='ocr_line' id='line_1_19' title="bbox 489 1590 1163 1637; baseline -0.016 -5"><span class='ocrx_word' id='word_1_94' title='bbox 489 1611 522 1632; x_wconf 85' lang='lat' dir='ltr'>sa</span> <span class='ocrx_word' id='word_1_95' title='bbox 543 1596 641 1631; x_wconf 81' lang='lat' dir='ltr'>facile</span> <span class='ocrx_word' id='word_1_96' title='bbox 662 1593 815 1627; x_wconf 86' lang='lat' dir='ltr'>iudicatu</span> <span class='ocrx_word' id='word_1_97' title='bbox 837 1600 898 1625; x_wconf 88' lang='lat' dir='ltr'>est.</span> <span class='ocrx_word' id='word_1_98' title='bbox 913 1590 1095 1637; x_wconf 86' lang='lat' dir='ltr'>Illyricum</span> <span class='ocrx_word' id='word_1_99' title='bbox 1113 1598 1163 1622; x_wconf 88' lang='lat' dir='ltr'>est</span> 
     </span>
     <span class='ocr_line' id='line_1_20' title="bbox 487 1641 1162 1697; baseline -0.015 -12"><span class='ocrx_word' id='word_1_100' title='bbox 487 1663 567 1697; x_wconf 81' lang='lat' dir='ltr'>pars</span> <span class='ocrx_word' id='word_1_101' title='bbox 593 1659 715 1693; x_wconf 85' lang='lat' dir='ltr'>magna</span> <span class='ocrx_word' id='word_1_102' title='bbox 743 1647 891 1690; x_wconf 88' lang='lat' dir='ltr'>Europae</span> <span class='ocrx_word' id='word_1_103' title='bbox 924 1641 1162 1676; x_wconf 82' lang='lat' dir='ltr'>meridionalis</span> 
     </span>
     <span class='ocr_line' id='line_1_21' title="bbox 490 1695 1161 1740; baseline -0.016 -3"><span class='ocrx_word' id='word_1_104' title='bbox 490 1706 580 1737; x_wconf 86' lang='lat' dir='ltr'>inter</span> <span class='ocrx_word' id='word_1_105' title='bbox 614 1700 829 1734; x_wconf 78' lang='lat' dir='ltr'>Adriaticum</span> <span class='ocrx_word' id='word_1_106' title='bbox 859 1708 971 1737; x_wconf 89' lang='lat' dir='ltr'>mare,</span> <span class='ocrx_word' id='word_1_107' title='bbox 994 1695 1161 1740; x_wconf 81' lang='lat' dir='ltr'>Fpirum,</span> 
     </span>
     <span class='ocr_line' id='line_1_22' title="bbox 489 1747 1163 1797; baseline -0.016 -7"><span class='ocrx_word' id='word_1_108' title='bbox 489 1757 568 1790; x_wconf 82' lang='lat' dir='ltr'>lstri</span> <span class='ocrx_word' id='word_1_109' title='bbox 585 1754 716 1788; x_wconf 80' lang='lat' dir='ltr'>accolas</span> <span class='ocrx_word' id='word_1_110' title='bbox 737 1759 853 1797; x_wconf 85' lang='lat' dir='ltr'>gentes</span> <span class='ocrx_word' id='word_1_111' title='bbox 870 1758 903 1783; x_wconf 87' lang='lat' dir='ltr'>et</span> <span class='ocrx_word' id='word_1_112' title='bbox 921 1747 1163 1782; x_wconf 85' lang='lat' dir='ltr'>Macedoniam</span> 
     </span>
     <span class='ocr_line' id='line_1_23' title="bbox 490 1802 1163 1853; baseline -0.013 -11"><span class='ocrx_word' id='word_1_113' title='bbox 490 1810 570 1849; x_wconf 83' lang='lat' dir='ltr'>sita3</span> <span class='ocrx_word' id='word_1_114' title='bbox 584 1806 700 1853; x_wconf 65' lang='lat' dir='ltr'>Illyris</span> <span class='ocrx_word' id='word_1_115' title='bbox 714 1817 796 1838; x_wconf 89' lang='lat' dir='ltr'>vero</span> <span class='ocrx_word' id='word_1_116' title='bbox 811 1802 955 1850; x_wconf 83' lang='lat' dir='ltr'>propria</span> <span class='ocrx_word' id='word_1_117' title='bbox 971 1814 1008 1834; x_wconf 87' lang='lat' dir='ltr'>ea</span> <span class='ocrx_word' id='word_1_118' title='bbox 1023 1810 1163 1847; x_wconf 81' lang='lat' dir='ltr'>estpars</span> 
     </span>
     <span class='ocr_line' id='line_1_24' title="bbox 490 1854 1164 1906; baseline -0.013 -12"><span class='ocrx_word' id='word_1_119' title='bbox 490 1860 623 1906; x_wconf 84' lang='lat' dir='ltr'>Illyrici</span> <span class='ocrx_word' id='word_1_120' title='bbox 634 1885 642 1900; x_wconf 93' lang='lat'>‚</span> <span class='ocrx_word' id='word_1_121' title='bbox 655 1870 732 1905; x_wconf 84' lang='lat' dir='ltr'>quae</span> <span class='ocrx_word' id='word_1_122' title='bbox 745 1856 787 1891; x_wconf 90' lang='lat' dir='ltr'>ad</span> <span class='ocrx_word' id='word_1_123' title='bbox 802 1855 983 1889; x_wconf 80' lang='lat' dir='ltr'>meridiem</span> <span class='ocrx_word' id='word_1_124' title='bbox 1004 1854 1114 1899; x_wconf 78' lang='lat' dir='ltr'>vergit</span> <span class='ocrx_word' id='word_1_125' title='bbox 1130 1861 1164 1886; x_wconf 85' lang='lat' dir='ltr'>et</span> 
     </span>
     <span class='ocr_line' id='line_1_25' title="bbox 489 1907 1162 1959; baseline -0.015 -11"><span class='ocrx_word' id='word_1_126' title='bbox 489 1914 599 1959; x_wconf 86' lang='lat' dir='ltr'>Epiro</span> <span class='ocrx_word' id='word_1_127' title='bbox 620 1911 778 1958; x_wconf 81' lang='lat' dir='ltr'>proxima</span> <span class='ocrx_word' id='word_1_128' title='bbox 807 1918 867 1942; x_wconf 85' lang='lat' dir='ltr'>est.</span> <span class='ocrx_word' id='word_1_129' title='bbox 897 1908 1030 1954; x_wconf 72' lang='lat' dir='ltr'>Illyrici</span> <span class='ocrx_word' id='word_1_130' title='bbox 1059 1907 1162 1940; x_wconf 89' lang='lat' dir='ltr'>etiam</span> 
     </span>
     <span class='ocr_line' id='line_1_26' title="bbox 490 1960 1163 2012; baseline -0.012 -13"><span class='ocrx_word' id='word_1_131' title='bbox 490 1974 605 2012; x_wconf 80' lang='lat' dir='ltr'>partes</span> <span class='ocrx_word' id='word_1_132' title='bbox 628 1965 723 1997; x_wconf 80' lang='lat' dir='ltr'>fuere</span> <span class='ocrx_word' id='word_1_133' title='bbox 744 1972 776 1996; x_wconf 87' lang='lat' dir='ltr'>et</span> <span class='ocrx_word' id='word_1_134' title='bbox 797 1962 968 1995; x_wconf 85' lang='lat' dir='ltr'>Dalmatia</span> <span class='ocrx_word' id='word_1_135' title='bbox 988 1968 1021 1993; x_wconf 89' lang='lat' dir='ltr'>et</span> <span class='ocrx_word' id='word_1_136' title='bbox 1037 1960 1163 1992; x_wconf 87' lang='lat' dir='ltr'>Libur-</span> 
     </span>
     <span class='ocr_line' id='line_1_27' title="bbox 490 2013 1166 2062; baseline -0.012 -10"><span class='ocrx_word' id='word_1_137' title='bbox 490 2019 566 2058; x_wconf 78' lang='lat' dir='ltr'>nia,</span> <span class='ocrx_word' id='word_1_138' title='bbox 581 2016 737 2062; x_wconf 67' lang='lat' dir='ltr'>Illyridis</span> <span class='ocrx_word' id='word_1_139' title='bbox 753 2015 967 2060; x_wconf 82' lang='lat' dir='ltr'>neutiquam.</span> <span class='ocrx_word' id='word_1_140' title='bbox 981 2013 1072 2045; x_wconf 90' lang='lat' dir='ltr'>Tum</span> <span class='ocrx_word' id='word_1_141' title='bbox 1089 2013 1166 2045; x_wconf 87' lang='lat' dir='ltr'>Dal-</span> 
     </span>
     <span class='ocr_line' id='line_1_28' title="bbox 490 2066 1163 2110; baseline -0.013 -5"><span class='ocrx_word' id='word_1_142' title='bbox 490 2071 631 2105; x_wconf 80' lang='lat' dir='ltr'>matiam</span> <span class='ocrx_word' id='word_1_143' title='bbox 654 2078 687 2103; x_wconf 85' lang='lat' dir='ltr'>et</span> <span class='ocrx_word' id='word_1_144' title='bbox 708 2067 914 2101; x_wconf 86' lang='lat' dir='ltr'>Liburniam</span> <span class='ocrx_word' id='word_1_145' title='bbox 937 2066 1046 2099; x_wconf 89' lang='lat' dir='ltr'>amuis</span> <span class='ocrx_word' id='word_1_146' title='bbox 1067 2077 1163 2110; x_wconf 84' lang='lat' dir='ltr'>sepa-</span> 
     </span>
     <span class='ocr_line' id='line_1_29' title="bbox 490 2117 1165 2165; baseline -0.012 -7"><span class='ocrx_word' id='word_1_147' title='bbox 490 2125 607 2164; x_wconf 82' lang='lat' dir='ltr'>rabat,</span> <span class='ocrx_word' id='word_1_148' title='bbox 617 2130 650 2155; x_wconf 89' lang='lat' dir='ltr'>et</span> <span class='ocrx_word' id='word_1_149' title='bbox 663 2123 737 2155; x_wconf 83' lang='lat' dir='ltr'>haec</span> <span class='ocrx_word' id='word_1_150' title='bbox 759 2118 921 2165; x_wconf 67' lang='lat' dir='ltr'>Illyridos</span> <span class='ocrx_word' id='word_1_151' title='bbox 936 2117 1073 2165; x_wconf 81' lang='lat' dir='ltr'>populis</span> <span class='ocrx_word' id='word_1_152' title='bbox 1086 2130 1165 2162; x_wconf 87' lang='lat' dir='ltr'>pro-</span> 
     </span>
     <span class='ocr_line' id='line_1_30' title="bbox 491 2170 1163 2223; baseline -0.013 -13"><span class='ocrx_word' id='word_1_153' title='bbox 491 2177 588 2223; x_wconf 87' lang='lat' dir='ltr'>pior,</span> <span class='ocrx_word' id='word_1_154' title='bbox 615 2175 671 2208; x_wconf 84' lang='lat' dir='ltr'>illa</span> <span class='ocrx_word' id='word_1_155' title='bbox 697 2185 780 2207; x_wconf 88' lang='lat' dir='ltr'>vero</span> <span class='ocrx_word' id='word_1_156' title='bbox 808 2171 916 2205; x_wconf 84' lang='lat' dir='ltr'>Istriae</span> <span class='ocrx_word' id='word_1_157' title='bbox 947 2170 1163 2216; x_wconf 87' lang='lat' dir='ltr'>peninsulae:</span> 
     </span>
     <span class='ocr_line' id='line_1_31' title="bbox 491 2224 1163 2274; baseline -0.013 -11"><span class='ocrx_word' id='word_1_158' title='bbox 491 2238 638 2274; x_wconf 87' lang='lat' dir='ltr'>utraque</span> <span class='ocrx_word' id='word_1_159' title='bbox 663 2234 777 2260; x_wconf 86' lang='lat' dir='ltr'>autem</span> <span class='ocrx_word' id='word_1_160' title='bbox 809 2225 844 2258; x_wconf 88' lang='lat' dir='ltr'>in</span> <span class='ocrx_word' id='word_1_161' title='bbox 874 2224 1074 2256; x_wconf 87' lang='lat' dir='ltr'>immensam</span> <span class='ocrx_word' id='word_1_162' title='bbox 1104 2234 1163 2268; x_wconf 82' lang='lat' dir='ltr'>pa-</span> 
     </span>
     <span class='ocr_line' id='line_1_32' title="bbox 492 2274 1162 2321; baseline -0.012 -6"><span class='ocrx_word' id='word_1_163' title='bbox 492 2282 587 2316; x_wconf 88' lang='lat' dir='ltr'>tebat</span> <span class='ocrx_word' id='word_1_164' title='bbox 610 2280 683 2313; x_wconf 88' lang='lat' dir='ltr'>sine</span> <span class='ocrx_word' id='word_1_165' title='bbox 708 2276 890 2312; x_wconf 80' lang='lat' dir='ltr'>latitudine</span> <span class='ocrx_word' id='word_1_166' title='bbox 911 2274 1162 2321; x_wconf 85' lang='lat' dir='ltr'>longitudinem</span> 
     </span>
     <span class='ocr_line' id='line_1_33' title="bbox 492 2330 1004 2375; baseline -0.014 -7"><span class='ocrx_word' id='word_1_167' title='bbox 492 2333 671 2367; x_wconf 86' lang='lat' dir='ltr'>Adriatico</span> <span class='ocrx_word' id='word_1_168' title='bbox 688 2331 776 2364; x_wconf 87' lang='lat' dir='ltr'>mari</span> <span class='ocrx_word' id='word_1_169' title='bbox 794 2330 1004 2375; x_wconf 85' lang='lat' dir='ltr'>contiguam.</span> 
     </span>
    </p>

    <p class='ocr_par' dir='ltr' id='par_1_8' title="bbox 489 2381 1165 2631">
     <span class='ocr_line' id='line_1_34' title="bbox 550 2381 1163 2430; baseline -0.01 -11"><span class='ocrx_word' id='word_1_170' title='bbox 550 2399 580 2419; x_wconf 92' lang='lat'>1.</span> <span class='ocrx_word' id='word_1_171' title='bbox 598 2386 736 2430; x_wconf 72' lang='lat' dir='ltr'>,Iungere</span> <span class='ocrx_word' id='word_1_172' title='bbox 754 2385 877 2416; x_wconf 82' lang='lat' dir='ltr'>nescisti</span> <span class='ocrx_word' id='word_1_173' title='bbox 891 2381 991 2421; x_wconf 80' lang='lat' dir='ltr'><em>nobis,</em></span> <span class='ocrx_word' id='word_1_174' title='bbox 1009 2389 1072 2414; x_wconf 83' lang='lat' dir='ltr'>etc.</span> <span class='ocrx_word' id='word_1_175' title='bbox 1093 2381 1163 2414; x_wconf 92' lang='lat' dir='ltr'>Cu-</span> 
     </span>
     <span class='ocr_line' id='line_1_35' title="bbox 490 2434 1165 2483; baseline -0.012 -10"><span class='ocrx_word' id='word_1_176' title='bbox 490 2439 602 2473; x_wconf 86' lang='lat' dir='ltr'>cullus</span> <span class='ocrx_word' id='word_1_177' title='bbox 632 2437 755 2483; x_wconf 84' lang='lat' dir='ltr'>capitis</span> <span class='ocrx_word' id='word_1_178' title='bbox 787 2445 922 2481; x_wconf 86' lang='lat' dir='ltr'>tegmen</span> <span class='ocrx_word' id='word_1_179' title='bbox 950 2434 1036 2475; x_wconf 85' lang='lat' dir='ltr'>fuit,</span> <span class='ocrx_word' id='word_1_180' title='bbox 1064 2441 1103 2466; x_wconf 91' lang='lat' dir='ltr'>ut</span> <span class='ocrx_word' id='word_1_181' title='bbox 1131 2442 1165 2466; x_wconf 84' lang='lat' dir='ltr'>et</span> 
     </span>
     <span class='ocr_line' id='line_1_36' title="bbox 491 2486 1165 2538; baseline -0.012 -12"><span class='ocrx_word' id='word_1_182' title='bbox 491 2500 624 2538; x_wconf 86' lang='lat' dir='ltr'>partem</span> <span class='ocrx_word' id='word_1_183' title='bbox 640 2491 867 2524; x_wconf 83' lang='lat' dir='ltr'>humerorum</span> <span class='ocrx_word' id='word_1_184' title='bbox 883 2487 1031 2528; x_wconf 77' lang='lat' dir='ltr'>velaret,</span> <span class='ocrx_word' id='word_1_185' title='bbox 1048 2486 1165 2531; x_wconf 85' lang='lat' dir='ltr'>quales</span> 
     </span>
     <span class='ocr_line' id='line_1_37' title="bbox 491 2538 1162 2583; baseline -0.01 -5"><span class='ocrx_word' id='word_1_186' title='bbox 491 2557 509 2578; x_wconf 94' lang='lat' dir='ltr'>a</span> <span class='ocrx_word' id='word_1_187' title='bbox 540 2543 645 2578; x_wconf 85' lang='lat' dir='ltr'>sacris</span> <span class='ocrx_word' id='word_1_188' title='bbox 673 2541 874 2576; x_wconf 85' lang='lat' dir='ltr'>hominibus</span> <span class='ocrx_word' id='word_1_189' title='bbox 904 2538 1009 2573; x_wconf 85' lang='lat' dir='ltr'>hodie</span> <span class='ocrx_word' id='word_1_190' title='bbox 1040 2540 1162 2583; x_wconf 77' lang='lat' dir='ltr'>gestari</span> 
     </span>
     <span class='ocr_line' id='line_1_38' title="bbox 489 2592 1162 2631; baseline -0.012 0"><span class='ocrx_word' id='word_1_191' title='bbox 489 2596 658 2631; x_wconf 84' lang='lat' dir='ltr'>videmus.</span> <span class='ocrx_word' id='word_1_192' title='bbox 700 2595 726 2627; x_wconf 89' lang='lat' dir='ltr'>li</span> <span class='ocrx_word' id='word_1_193' title='bbox 755 2607 832 2628; x_wconf 86' lang='lat' dir='ltr'>cnm</span> <span class='ocrx_word' id='word_1_194' title='bbox 871 2592 1016 2626; x_wconf 80' lang='lat' dir='ltr'>lacernis</span> <span class='ocrx_word' id='word_1_195' title='bbox 1051 2604 1162 2625; x_wconf 85' lang='lat' dir='ltr'>sume-</span> 
     </span>
    </p>
   </div>
   <div class='ocr_carea' id='block_1_7' title="bbox 1217 1007 1891 1264">
    <p class='ocr_par' dir='ltr' id='par_1_9' title="bbox 1217 1007 1891 1264">
     <span class='ocr_line' id='line_1_39' title="bbox 1217 1007 1888 1054; baseline 0 -12"><span class='ocrx_word' id='word_1_196' title='bbox 1217 1010 1365 1050; x_wconf 87' lang='lat' dir='ltr'>bantur;</span> <span class='ocrx_word' id='word_1_197' title='bbox 1381 1008 1434 1042; x_wconf 88' lang='lat' dir='ltr'>vel</span> <span class='ocrx_word' id='word_1_198' title='bbox 1450 1008 1575 1054; x_wconf 82' lang='lat' dir='ltr'>pluviae</span> <span class='ocrx_word' id='word_1_199' title='bbox 1588 1007 1747 1042; x_wconf 86' lang='lat' dir='ltr'>arcendae</span> <span class='ocrx_word' id='word_1_200' title='bbox 1758 1034 1768 1050; x_wconf 92' lang='lat'><strong><em>,</em></strong></span> <span class='ocrx_word' id='word_1_201' title='bbox 1782 1021 1888 1054; x_wconf 87' lang='lat' dir='ltr'>quum</span> 
     </span>
     <span class='ocr_line' id='line_1_40' title="bbox 1218 1059 1889 1107; baseline -0.001 -13"><span class='ocrx_word' id='word_1_202' title='bbox 1218 1059 1377 1094; x_wconf 88' lang='lat' dir='ltr'>nondum</span> <span class='ocrx_word' id='word_1_203' title='bbox 1391 1061 1526 1107; x_wconf 87' lang='lat' dir='ltr'>penulae</span> <span class='ocrx_word' id='word_1_204' title='bbox 1540 1061 1575 1094; x_wconf 91' lang='lat' dir='ltr'>in</span> <span class='ocrx_word' id='word_1_205' title='bbox 1589 1074 1653 1094; x_wconf 88' lang='lat' dir='ltr'>usu</span> <span class='ocrx_word' id='word_1_206' title='bbox 1665 1061 1754 1095; x_wconf 86' lang='lat' dir='ltr'>intra</span> <span class='ocrx_word' id='word_1_207' title='bbox 1768 1062 1889 1095; x_wconf 89' lang='lat' dir='ltr'>urbem</span> 
     </span>
     <span class='ocr_line' id='line_1_41' title="bbox 1218 1112 1890 1155; baseline 0.001 -8"><span class='ocrx_word' id='word_1_208' title='bbox 1218 1122 1329 1147; x_wconf 79' lang='lat' dir='ltr'>essent</span> <span class='ocrx_word' id='word_1_209' title='bbox 1345 1126 1354 1154; x_wconf 89' lang='lat'><strong>;</strong></span> <span class='ocrx_word' id='word_1_210' title='bbox 1381 1115 1436 1147; x_wconf 83' lang='lat' dir='ltr'>vel</span> <span class='ocrx_word' id='word_1_211' title='bbox 1463 1112 1593 1147; x_wconf 83' lang='lat' dir='ltr'>latendi</span> <span class='ocrx_word' id='word_1_212' title='bbox 1620 1126 1718 1148; x_wconf 86' lang='lat' dir='ltr'>causa</span> <span class='ocrx_word' id='word_1_213' title='bbox 1730 1139 1739 1155; x_wconf 95' lang='lat'>,</span> <span class='ocrx_word' id='word_1_214' title='bbox 1766 1114 1812 1147; x_wconf 79' lang='lat' dir='ltr'>ita</span> <span class='ocrx_word' id='word_1_215' title='bbox 1841 1123 1890 1148; x_wconf 89' lang='lat' dir='ltr'>ta-</span> 
     </span>
     <span class='ocr_line' id='line_1_42' title="bbox 1219 1166 1891 1213; baseline 0.001 -14"><span class='ocrx_word' id='word_1_216' title='bbox 1219 1179 1298 1200; x_wconf 85' lang='lat' dir='ltr'>men</span> <span class='ocrx_word' id='word_1_217' title='bbox 1310 1191 1319 1208; x_wconf 91' lang='lat'><em>‚</em></span> <span class='ocrx_word' id='word_1_218' title='bbox 1338 1174 1376 1199; x_wconf 89' lang='lat' dir='ltr'>ut</span> <span class='ocrx_word' id='word_1_219' title='bbox 1391 1166 1542 1213; x_wconf 77' lang='lat' dir='ltr'>separari</span> <span class='ocrx_word' id='word_1_220' title='bbox 1558 1179 1575 1199; x_wconf 89' lang='lat' dir='ltr'>a</span> <span class='ocrx_word' id='word_1_221' title='bbox 1591 1167 1736 1200; x_wconf 86' lang='lat' dir='ltr'>lacernis</span> <span class='ocrx_word' id='word_1_222' title='bbox 1752 1177 1891 1211; x_wconf 86' lang='lat' dir='ltr'>possent</span> 
     </span>
     <span class='ocr_line' id='line_1_43' title="bbox 1220 1218 1891 1264; baseline 0 -12"><span class='ocrx_word' id='word_1_223' title='bbox 1220 1228 1323 1264; x_wconf 84' lang='lat' dir='ltr'>atque</span> <span class='ocrx_word' id='word_1_224' title='bbox 1344 1219 1509 1252; x_wconf 87' lang='lat' dir='ltr'>amoveri.</span> <span class='ocrx_word' id='word_1_225' title='bbox 1534 1218 1640 1252; x_wconf 87' lang='lat' dir='ltr'>Unde</span> <span class='ocrx_word' id='word_1_226' title='bbox 1670 1219 1774 1252; x_wconf 89' lang='lat' dir='ltr'>Mart.</span> <span class='ocrx_word' id='word_1_227' title='bbox 1792 1220 1891 1260; x_wconf 87' lang='lat' dir='ltr'>XIV,</span> 
     </span>
    </p>
   </div>
   <div class='ocr_carea' id='block_1_8' title="bbox 1225 1272 1894 1318">
    <p class='ocr_par' dir='ltr' id='par_1_10' title="bbox 1225 1272 1894 1318">
     <span class='ocr_line' id='line_1_44' title="bbox 1225 1272 1894 1318; baseline 0.001 -14"><span class='ocrx_word' id='word_1_228' title='bbox 1225 1284 1238 1304; x_wconf 89' lang='lat'>1</span> <span class='ocrx_word' id='word_1_229' title='bbox 1249 1272 1292 1316; x_wconf 73' lang='lat'>37</span> <span class='ocrx_word' id='word_1_230' title='bbox 1305 1284 1312 1305; x_wconf 79' lang='grc' dir='ltr'><em>τ</em></span> <span class='ocrx_word' id='word_1_231' title='bbox 1326 1272 1384 1305; x_wconf 91' lang='lat' dir='ltr'>«Si</span> <span class='ocrx_word' id='word_1_232' title='bbox 1396 1284 1545 1317; x_wconf 88' lang='lat' dir='ltr'>possem,</span> <span class='ocrx_word' id='word_1_233' title='bbox 1558 1279 1645 1305; x_wconf 86' lang='lat' dir='ltr'>totas</span> <span class='ocrx_word' id='word_1_234' title='bbox 1655 1283 1819 1318; x_wconf 85' lang='lat' dir='ltr'>cuperem</span> <span class='ocrx_word' id='word_1_235' title='bbox 1831 1273 1894 1305; x_wconf 89' lang='lat' dir='ltr'>mi-</span> 
     </span>
    </p>
   </div>
   <div class='ocr_carea' id='block_1_9' title="bbox 1220 1324 1895 2635">
    <p class='ocr_par' dir='ltr' id='par_1_11' title="bbox 1220 1324 1893 2256">
     <span class='ocr_line' id='line_1_45' title="bbox 1220 1324 1891 1370; baseline 0 -13"><span class='ocrx_word' id='word_1_236' title='bbox 1220 1325 1300 1358; x_wconf 84' lang='lat' dir='ltr'>sisse</span> <span class='ocrx_word' id='word_1_237' title='bbox 1316 1325 1488 1363; x_wconf 63' lang='lat' dir='ltr'>lacernas„</span> <span class='ocrx_word' id='word_1_238' title='bbox 1509 1325 1614 1357; x_wconf 90' lang='lat' dir='ltr'>Nunc</span> <span class='ocrx_word' id='word_1_239' title='bbox 1633 1333 1768 1358; x_wconf 87' lang='lat' dir='ltr'>tantum</span> <span class='ocrx_word' id='word_1_240' title='bbox 1786 1324 1891 1370; x_wconf 85' lang='lat' dir='ltr'>capiti</span> 
     </span>
     <span class='ocr_line' id='line_1_46' title="bbox 1221 1378 1892 1411; baseline 0 -1"><span class='ocrx_word' id='word_1_241' title='bbox 1221 1390 1365 1410; x_wconf 81' lang='lat' dir='ltr'>munera</span> <span class='ocrx_word' id='word_1_242' title='bbox 1386 1378 1489 1410; x_wconf 89' lang='lat' dir='ltr'>mitto</span> <span class='ocrx_word' id='word_1_243' title='bbox 1512 1385 1586 1410; x_wconf 89' lang='lat' dir='ltr'>tuo.</span> <span class='ocrx_word' id='word_1_244' title='bbox 1600 1395 1613 1407; x_wconf 70' lang='grc' dir='ltr'>»ι</span> <span class='ocrx_word' id='word_1_245' title='bbox 1631 1378 1744 1410; x_wconf 87' lang='lat' dir='ltr'>Porro</span> <span class='ocrx_word' id='word_1_246' title='bbox 1763 1378 1892 1411; x_wconf 92' lang='lat' dir='ltr'>cuculli</span> 
     </span>
     <span class='ocr_line' id='line_1_47' title="bbox 1220 1429 1892 1475; baseline 0.001 -12"><span class='ocrx_word' id='word_1_247' title='bbox 1220 1430 1399 1464; x_wconf 87' lang='lat' dir='ltr'>Liburnici</span> <span class='ocrx_word' id='word_1_248' title='bbox 1421 1430 1505 1464; x_wconf 84' lang='lat' dir='ltr'>dicti</span> <span class='ocrx_word' id='word_1_249' title='bbox 1528 1438 1630 1471; x_wconf 88' lang='lat' dir='ltr'>sunt,</span> <span class='ocrx_word' id='word_1_250' title='bbox 1649 1429 1743 1475; x_wconf 91' lang='lat' dir='ltr'>quod</span> <span class='ocrx_word' id='word_1_251' title='bbox 1764 1431 1892 1464; x_wconf 88' lang='lat' dir='ltr'>Libur-</span> 
     </span>
     <span class='ocr_line' id='line_1_48' title="bbox 1220 1482 1891 1529; baseline 0.003 -14"><span class='ocrx_word' id='word_1_252' title='bbox 1220 1483 1299 1516; x_wconf 82' lang='lat' dir='ltr'>nica</span> <span class='ocrx_word' id='word_1_253' title='bbox 1326 1484 1400 1516; x_wconf 88' lang='lat' dir='ltr'>lana</span> <span class='ocrx_word' id='word_1_254' title='bbox 1432 1483 1690 1516; x_wconf 82' lang='lat' dir='ltr'>conficerentur</span> <span class='ocrx_word' id='word_1_255' title='bbox 1714 1495 1722 1515; x_wconf 90' lang='lat'>:</span> <span class='ocrx_word' id='word_1_256' title='bbox 1751 1482 1795 1516; x_wconf 82' lang='lat' dir='ltr'>de</span> <span class='ocrx_word' id='word_1_257' title='bbox 1824 1495 1891 1529; x_wconf 87' lang='lat' dir='ltr'>qua</span> 
     </span>
     <span class='ocr_line' id='line_1_49' title="bbox 1221 1536 1892 1581; baseline -0.001 -13"><span class='ocrx_word' id='word_1_258' title='bbox 1221 1536 1310 1570; x_wconf 92' lang='lat' dir='ltr'>Plin.</span> <span class='ocrx_word' id='word_1_259' title='bbox 1323 1536 1383 1569; x_wconf 83' lang='lat' dir='ltr'>lib.</span> <span class='ocrx_word' id='word_1_260' title='bbox 1394 1537 1494 1569; x_wconf 87' lang='lat' dir='ltr'>VIII.</span> <span class='ocrx_word' id='word_1_261' title='bbox 1512 1537 1592 1569; x_wconf 84' lang='lat' dir='ltr'>Illos</span> <span class='ocrx_word' id='word_1_262' title='bbox 1606 1536 1710 1581; x_wconf 86' lang='lat' dir='ltr'>igitur</span> <span class='ocrx_word' id='word_1_263' title='bbox 1720 1548 1788 1569; x_wconf 87' lang='lat' dir='ltr'>non</span> <span class='ocrx_word' id='word_1_264' title='bbox 1803 1536 1892 1569; x_wconf 72' lang='lat' dir='ltr'>hene</span> 
     </span>
     <span class='ocr_line' id='line_1_50' title="bbox 1221 1583 1892 1633; baseline 0 -12"><span class='ocrx_word' id='word_1_265' title='bbox 1221 1583 1298 1622; x_wconf 79' lang='lat' dir='ltr'>cum</span> <span class='ocrx_word' id='word_1_266' title='bbox 1327 1589 1473 1622; x_wconf 86' lang='lat' dir='ltr'>lacernis</span> <span class='ocrx_word' id='word_1_267' title='bbox 1506 1589 1590 1622; x_wconf 83' lang='lat' dir='ltr'>albis</span> <span class='ocrx_word' id='word_1_268' title='bbox 1619 1590 1758 1633; x_wconf 81' lang='lat' dir='ltr'>junctos</span> <span class='ocrx_word' id='word_1_269' title='bbox 1787 1588 1892 1623; x_wconf 85' lang='lat' dir='ltr'>tradit</span> 
     </span>
     <span class='ocr_line' id='line_1_51' title="bbox 1222 1640 1892 1687; baseline 0.001 -13"><span class='ocrx_word' id='word_1_270' title='bbox 1222 1642 1410 1685; x_wconf 82' lang='lat' dir='ltr'>Martialis,</span> <span class='ocrx_word' id='word_1_271' title='bbox 1431 1640 1525 1687; x_wconf 86' lang='lat' dir='ltr'>quod</span> <span class='ocrx_word' id='word_1_272' title='bbox 1550 1642 1705 1675; x_wconf 87' lang='lat' dir='ltr'>colorem</span> <span class='ocrx_word' id='word_1_273' title='bbox 1731 1654 1810 1674; x_wconf 87' lang='lat' dir='ltr'>mox</span> <span class='ocrx_word' id='word_1_274' title='bbox 1839 1642 1892 1675; x_wconf 85' lang='lat' dir='ltr'>his</span> 
     </span>
     <span class='ocr_line' id='line_1_52' title="bbox 1222 1694 1892 1735; baseline 0.001 -9"><span class='ocrx_word' id='word_1_275' title='bbox 1222 1695 1368 1728; x_wconf 86' lang='lat' dir='ltr'>lacernis</span> <span class='ocrx_word' id='word_1_276' title='bbox 1398 1707 1499 1728; x_wconf 88' lang='lat' dir='ltr'>suum</span> <span class='ocrx_word' id='word_1_277' title='bbox 1529 1694 1576 1728; x_wconf 84' lang='lat' dir='ltr'>ita</span> <span class='ocrx_word' id='word_1_278' title='bbox 1602 1694 1824 1735; x_wconf 85' lang='lat' dir='ltr'>affricarent,</span> <span class='ocrx_word' id='word_1_279' title='bbox 1853 1702 1892 1727; x_wconf 89' lang='lat' dir='ltr'>ut</span> 
     </span>
     <span class='ocr_line' id='line_1_53' title="bbox 1222 1747 1892 1793; baseline 0 -13"><span class='ocrx_word' id='word_1_280' title='bbox 1222 1760 1287 1793; x_wconf 87' lang='lat' dir='ltr'>pro</span> <span class='ocrx_word' id='word_1_281' title='bbox 1308 1747 1394 1780; x_wconf 85' lang='lat' dir='ltr'>albis</span> <span class='ocrx_word' id='word_1_282' title='bbox 1419 1748 1474 1780; x_wconf 87' lang='lat' dir='ltr'>vel</span> <span class='ocrx_word' id='word_1_283' title='bbox 1500 1747 1636 1789; x_wconf 71' lang='lat' dir='ltr'>rutilae,</span> <span class='ocrx_word' id='word_1_284' title='bbox 1663 1747 1716 1780; x_wconf 89' lang='lat' dir='ltr'>vel</span> <span class='ocrx_word' id='word_1_285' title='bbox 1739 1747 1892 1780; x_wconf 84' lang='lat' dir='ltr'>caeruleae</span> 
     </span>
     <span class='ocr_line' id='line_1_54' title="bbox 1223 1799 1890 1834; baseline 0 -1"><span class='ocrx_word' id='word_1_286' title='bbox 1223 1808 1448 1834; x_wconf 84' lang='lat' dir='ltr'>exuerentur.</span> <span class='ocrx_word' id='word_1_287' title='bbox 1481 1799 1563 1832; x_wconf 87' lang='lat' dir='ltr'>Vid.</span> <span class='ocrx_word' id='word_1_288' title='bbox 1602 1800 1702 1833; x_wconf 88' lang='lat' dir='ltr'>infra.</span> <span class='ocrx_word' id='word_1_289' title='bbox 1737 1821 1788 1826; x_wconf 90' lang='lat'>—</span> <span class='ocrx_word' id='word_1_290' title='bbox 1809 1800 1890 1833; x_wconf 84' lang='lat' dir='ltr'>Jun-</span> 
     </span>
     <span class='ocr_line' id='line_1_55' title="bbox 1220 1851 1892 1898; baseline 0 -13"><span class='ocrx_word' id='word_1_291' title='bbox 1220 1866 1294 1898; x_wconf 75' lang='lat' dir='ltr'>gere</span> <span class='ocrx_word' id='word_1_292' title='bbox 1310 1880 1318 1893; x_wconf 94' lang='lat'>,</span> <span class='ocrx_word' id='word_1_293' title='bbox 1359 1861 1425 1886; x_wconf 90' lang='lat' dir='ltr'>etc.</span> <span class='ocrx_word' id='word_1_294' title='bbox 1458 1853 1550 1885; x_wconf 87' lang='lat' dir='ltr'>Male</span> <span class='ocrx_word' id='word_1_295' title='bbox 1588 1851 1892 1898; x_wconf 85' lang='lat' dir='ltr'>superinduuntur</span> 
     </span>
     <span class='ocr_line' id='line_1_56' title="bbox 1223 1905 1893 1945; baseline -0.003 -5"><span class='ocrx_word' id='word_1_296' title='bbox 1223 1907 1309 1940; x_wconf 80' lang='lat' dir='ltr'>albae</span> <span class='ocrx_word' id='word_1_297' title='bbox 1335 1906 1480 1939; x_wconf 84' lang='lat' dir='ltr'>lacernae</span> <span class='ocrx_word' id='word_1_298' title='bbox 1500 1906 1643 1940; x_wconf 88' lang='lat' dir='ltr'>cucullis</span> <span class='ocrx_word' id='word_1_299' title='bbox 1670 1905 1893 1945; x_wconf 88' lang='lat' dir='ltr'>Liburnicis,</span> 
     </span>
     <span class='ocr_line' id='line_1_57' title="bbox 1224 1958 1892 2004; baseline -0.003 -12"><span class='ocrx_word' id='word_1_300' title='bbox 1224 1959 1302 2004; x_wconf 89' lang='lat' dir='ltr'>qui,</span> <span class='ocrx_word' id='word_1_301' title='bbox 1318 1960 1503 1992; x_wconf 82' lang='lat' dir='ltr'>tincturam</span> <span class='ocrx_word' id='word_1_302' title='bbox 1520 1971 1591 1992; x_wconf 89' lang='lat' dir='ltr'>non</span> <span class='ocrx_word' id='word_1_303' title='bbox 1617 1958 1725 2004; x_wconf 84' lang='lat' dir='ltr'>probe</span> <span class='ocrx_word' id='word_1_304' title='bbox 1743 1958 1892 1991; x_wconf 83' lang='lat' dir='ltr'>retinen-</span> 
     </span>
     <span class='ocr_line' id='line_1_58' title="bbox 1223 2010 1892 2052; baseline -0.003 -7"><span class='ocrx_word' id='word_1_305' title='bbox 1223 2020 1284 2052; x_wconf 84' lang='lat' dir='ltr'>tes,</span> <span class='ocrx_word' id='word_1_306' title='bbox 1296 2012 1445 2045; x_wconf 81' lang='lat' dir='ltr'>lacernas</span> <span class='ocrx_word' id='word_1_307' title='bbox 1459 2024 1498 2043; x_wconf 85' lang='lat' dir='ltr'>ex</span> <span class='ocrx_word' id='word_1_308' title='bbox 1514 2011 1598 2044; x_wconf 89' lang='lat' dir='ltr'>albis</span> <span class='ocrx_word' id='word_1_309' title='bbox 1612 2010 1763 2044; x_wconf 88' lang='lat' dir='ltr'>reddunt</span> <span class='ocrx_word' id='word_1_310' title='bbox 1773 2011 1892 2043; x_wconf 79' lang='lat' dir='ltr'>rutilas</span> 
     </span>
     <span class='ocr_line' id='line_1_59' title="bbox 1225 2063 1891 2104; baseline -0.003 -7"><span class='ocrx_word' id='word_1_311' title='bbox 1225 2073 1257 2097; x_wconf 86' lang='lat' dir='ltr'>et</span> <span class='ocrx_word' id='word_1_312' title='bbox 1271 2065 1396 2098; x_wconf 86' lang='lat' dir='ltr'>coloris</span> <span class='ocrx_word' id='word_1_313' title='bbox 1410 2065 1483 2097; x_wconf 87' lang='lat' dir='ltr'>auri</span> <span class='ocrx_word' id='word_1_314' title='bbox 1499 2064 1656 2104; x_wconf 85' lang='lat' dir='ltr'>Callaici,</span> <span class='ocrx_word' id='word_1_315' title='bbox 1672 2063 1725 2096; x_wconf 89' lang='lat' dir='ltr'>vel</span> <span class='ocrx_word' id='word_1_316' title='bbox 1745 2071 1782 2096; x_wconf 90' lang='lat' dir='ltr'>ut</span> <span class='ocrx_word' id='word_1_317' title='bbox 1798 2063 1891 2096; x_wconf 88' lang='lat' dir='ltr'>Scri-</span> 
     </span>
     <span class='ocr_line' id='line_1_60' title="bbox 1223 2114 1890 2162; baseline -0.001 -13"><span class='ocrx_word' id='word_1_318' title='bbox 1223 2117 1340 2150; x_wconf 73' lang='lat' dir='ltr'>verius</span> <span class='ocrx_word' id='word_1_319' title='bbox 1358 2117 1439 2162; x_wconf 84' lang='lat' dir='ltr'>legit</span> <span class='ocrx_word' id='word_1_320' title='bbox 1468 2115 1644 2155; x_wconf 54' lang='lat' dir='ltr'>(fallamus,</span> <span class='ocrx_word' id='word_1_321' title='bbox 1664 2114 1699 2148; x_wconf 93' lang='lat' dir='ltr'>id</span> <span class='ocrx_word' id='word_1_322' title='bbox 1724 2123 1795 2157; x_wconf 86' lang='lat' dir='ltr'>est,</span> <span class='ocrx_word' id='word_1_323' title='bbox 1827 2127 1890 2149; x_wconf 87' lang='lat' dir='ltr'>cae-</span> 
     </span>
     <span class='ocr_line' id='line_1_61' title="bbox 1222 2167 1892 2215; baseline -0.003 -13"><span class='ocrx_word' id='word_1_324' title='bbox 1222 2170 1355 2210; x_wconf 86' lang='lat' dir='ltr'>ruleas,</span> <span class='ocrx_word' id='word_1_325' title='bbox 1383 2181 1400 2202; x_wconf 88' lang='lat' dir='ltr'>a</span> <span class='ocrx_word' id='word_1_326' title='bbox 1430 2169 1538 2203; x_wconf 87' lang='lat' dir='ltr'>Callai</span> <span class='ocrx_word' id='word_1_327' title='bbox 1559 2181 1713 2215; x_wconf 86' lang='lat' dir='ltr'>gemma,</span> <span class='ocrx_word' id='word_1_328' title='bbox 1730 2167 1892 2214; x_wconf 81' lang='lat' dir='ltr'>sapphiri</span> 
     </span>
     <span class='ocr_line' id='line_1_62' title="bbox 1224 2223 1358 2256; baseline -0.007 0"><span class='ocrx_word' id='word_1_329' title='bbox 1224 2223 1358 2256; x_wconf 80' lang='lat' dir='ltr'>aemula.</span> 
     </span>
    </p>

    <p class='ocr_par' dir='ltr' id='par_1_12' title="bbox 1222 2273 1895 2635">
     <span class='ocr_line' id='line_1_63' title="bbox 1280 2273 1891 2319; baseline -0.002 -12"><span class='ocrx_word' id='word_1_330' title='bbox 1280 2288 1311 2307; x_wconf 78' lang='lat'>2.</span> <span class='ocrx_word' id='word_1_331' title='bbox 1331 2274 1490 2308; x_wconf 75' lang='lat' dir='ltr'>Callaicas</span> <span class='ocrx_word' id='word_1_332' title='bbox 1508 2275 1620 2319; x_wconf 84' lang='lat' dir='ltr'>vulgg.</span> <span class='ocrx_word' id='word_1_333' title='bbox 1639 2273 1829 2307; x_wconf 87' lang='lat' dir='ltr'>Scriverius</span> <span class='ocrx_word' id='word_1_334' title='bbox 1843 2273 1891 2306; x_wconf 85' lang='lat' dir='ltr'>le-</span> 
     </span>
     <span class='ocr_line' id='line_1_64' title="bbox 1222 2326 1892 2372; baseline -0.001 -12"><span class='ocrx_word' id='word_1_335' title='bbox 1222 2327 1272 2372; x_wconf 85' lang='lat' dir='ltr'>git</span> <span class='ocrx_word' id='word_1_336' title='bbox 1291 2327 1468 2367; x_wconf 65' lang='lat' dir='ltr'>Callemus,</span> <span class='ocrx_word' id='word_1_337' title='bbox 1499 2326 1596 2372; x_wconf 89' lang='lat' dir='ltr'>quod</span> <span class='ocrx_word' id='word_1_338' title='bbox 1623 2327 1726 2360; x_wconf 86' lang='lat' dir='ltr'>etiam</span> <span class='ocrx_word' id='word_1_339' title='bbox 1757 2333 1892 2359; x_wconf 89' lang='lat' dir='ltr'>rectum</span> 
     </span>
     <span class='ocr_line' id='line_1_65' title="bbox 1223 2379 1890 2424; baseline -0.001 -11"><span class='ocrx_word' id='word_1_340' title='bbox 1223 2388 1338 2413; x_wconf 86' lang='lat' dir='ltr'>censet</span> <span class='ocrx_word' id='word_1_341' title='bbox 1359 2380 1483 2413; x_wconf 86' lang='lat' dir='ltr'>doctus</span> <span class='ocrx_word' id='word_1_342' title='bbox 1510 2382 1706 2413; x_wconf 87' lang='lat' dir='ltr'>Annotator</span> <span class='ocrx_word' id='word_1_343' title='bbox 1728 2379 1763 2412; x_wconf 85' lang='lat' dir='ltr'>in</span> <span class='ocrx_word' id='word_1_344' title='bbox 1785 2391 1890 2424; x_wconf 86' lang='lat' dir='ltr'>marg.</span> 
     </span>
     <span class='ocr_line' id='line_1_66' title="bbox 1224 2431 1894 2478; baseline -0.001 -13"><span class='ocrx_word' id='word_1_345' title='bbox 1224 2432 1279 2465; x_wconf 87' lang='lat' dir='ltr'>ed.</span> <span class='ocrx_word' id='word_1_346' title='bbox 1289 2431 1651 2478; x_wconf 79' lang='lat' dir='ltr'>Langii.-—Callaicas.</span> <span class='ocrx_word' id='word_1_347' title='bbox 1664 2433 1738 2465; x_wconf 87' lang='lat' dir='ltr'>Hoc</span> <span class='ocrx_word' id='word_1_348' title='bbox 1751 2439 1802 2466; x_wconf 91' lang='lat' dir='ltr'>est</span> <span class='ocrx_word' id='word_1_349' title='bbox 1812 2456 1822 2472; x_wconf 93' lang='lat'>‚</span> <span class='ocrx_word' id='word_1_350' title='bbox 1839 2444 1894 2465; x_wconf 88' lang='lat' dir='ltr'>ru-</span> 
     </span>
     <span class='ocr_line' id='line_1_67' title="bbox 1225 2484 1895 2527; baseline -0.003 -9"><span class='ocrx_word' id='word_1_351' title='bbox 1225 2486 1401 2527; x_wconf 58' lang='lat' dir='ltr'>tilasnnnn</span> <span class='ocrx_word' id='word_1_352' title='bbox 1414 2484 1626 2518; x_wconf 83' lang='lat' dir='ltr'>aurifodinas</span> <span class='ocrx_word' id='word_1_353' title='bbox 1636 2485 1808 2519; x_wconf 85' lang='lat' dir='ltr'>habebant</span> <span class='ocrx_word' id='word_1_354' title='bbox 1819 2484 1895 2517; x_wconf 81' lang='lat' dir='ltr'>Cal-</span> 
     </span>
     <span class='ocr_line' id='line_1_68' title="bbox 1224 2536 1890 2578; baseline -0.003 -8"><span class='ocrx_word' id='word_1_355' title='bbox 1224 2539 1300 2570; x_wconf 77' lang='lat' dir='ltr'>laici</span> <span class='ocrx_word' id='word_1_356' title='bbox 1309 2552 1320 2578; x_wconf 90' lang='lat'><em>;</em></span> <span class='ocrx_word' id='word_1_357' title='bbox 1337 2539 1491 2571; x_wconf 71' lang='lat' dir='ltr'>calluimus</span> <span class='ocrx_word' id='word_1_358' title='bbox 1506 2550 1589 2571; x_wconf 86' lang='lat' dir='ltr'>vero</span> <span class='ocrx_word' id='word_1_359' title='bbox 1614 2545 1701 2572; x_wconf 84' lang='lat' dir='ltr'>esset</span> <span class='ocrx_word' id='word_1_360' title='bbox 1717 2536 1866 2570; x_wconf 82' lang='lat' dir='ltr'>caeruleas</span> <span class='ocrx_word' id='word_1_361' title='bbox 1880 2563 1890 2576; x_wconf 89' lang='lat'>,</span> 
     </span>
     <span class='ocr_line' id='line_1_69' title="bbox 1223 2589 1891 2635; baseline -0.006 -11"><span class='ocrx_word' id='word_1_362' title='bbox 1223 2600 1262 2624; x_wconf 87' lang='lat' dir='ltr'>ut</span> <span class='ocrx_word' id='word_1_363' title='bbox 1279 2590 1349 2624; x_wconf 64' lang='lat' dir='ltr'>dixi</span> <span class='ocrx_word' id='word_1_364' title='bbox 1361 2617 1369 2632; x_wconf 94' lang='lat'>,</span> <span class='ocrx_word' id='word_1_365' title='bbox 1381 2604 1397 2624; x_wconf 86' lang='lat' dir='ltr'>a</span> <span class='ocrx_word' id='word_1_366' title='bbox 1412 2589 1587 2634; x_wconf 76' lang='lat' dir='ltr'>cujusdam</span> <span class='ocrx_word' id='word_1_367' title='bbox 1605 2602 1746 2635; x_wconf 82' lang='lat' dir='ltr'>gemmae</span> <span class='ocrx_word' id='word_1_368' title='bbox 1764 2589 1891 2622; x_wconf 83' lang='lat' dir='ltr'>colore.</span> 
     </span>
    </p>
   </div>
  </div>
 </body>
</html>
