1901 3259
338 225 920 269 EPIGRAMMATUM
958 224 1083 266 Llss.
1122 222 1261 264 XIV.

1410 219 1506 264 235

648 375 953 431 CXXIV.

733 529 888 558 TOGA.

168 656 401 699 RomANos
433 670 578 697 rerum
605 653 828 708 dominos,
849 662 1109 713 gentemque
1135 660 1326 712 togatam

243 723 321 768 llle
349 724 476 779 facit,
506 740 665 784 magno
695 725 768 784 qui
797 722 913 766 dedit
944 732 1060 767 astra
1086 723 1210 783 patri.

176 866 250 906 Σξυ
275 882 390 924 χαριν
417 858 611 906 Αἰνεαδαῑ
640 865 857 945 κρατὸροὶ),
887 860 1188 923 τηςεννοφορων
1220 879 1264 904 ΤΕ

245 925 282 977 H
305 935 440 990 πόλις,
471 933 511 983 ὃς
542 951 589 993 ρα
619 927 818 993 δόμους
800 930 932 991 οίστρα
959 939 1076 980 τοκῆῖ
1103 936 1239 982 ποιεῖς.

163 1075 365 1107 1.R0man0s.
376 1073 506 1106 Versus
521 1079 573 1106 es't
583 1072 683 1117 Virg.
696 1074 775 1105 [En.

104 1128 119 1159 Ι
132 1152 141 1168 ,
166 1129 249 1161 286.
277 1125 468 1171 Gentemque
490 1133 642 1169 togatam.
663 1125 779 1170 Popu-

104 1180 176 1212 lum
199 1180 395 1211 Romanum
418 1178 591 1223 intellige,
615 1178 678 1223 qui
699 1186 777 1222 toga

105 1232 270 1265 utebatur
285 1240 320 1265 et
332 1230 592 1276 quodammodo
609 1230 779 1275 gloriaba-

107 1294 174 1318 tur.
200 1285 303 1318 Certe
329 1285 394 1317 sub
422 1286 548 1329 jugum
571 1283 683 1317 missis
714 1296 779 1329 po-

105 1338 195 1382 pulis
219 1346 296 1383 toga
322 1350 467 1371 romana
490 1336 778 1378 interdicebatur,

106 1399 140 1423 et
156 1390 191 1422 in
208 1391 360 1425 romanis
381 1390 570 1436 provinciis
584 1389 780 1435 gaudebant

105 1444 253 1476 Romani
278 1452 393 1488 togam
423 1442 582 1476 induere.
603 1444 776 1476 Caeterum

106 1495 149 1529 ‹le
167 1504 244 1541 toga
263 1498 387 1542 saepius
409 1495 542 1529 dictum
562 1509 676 1541 supra.

894 1084 926 1104 2.
946 1071 1012 1115 Qui
1030 1070 1128 1103 dedit.
1150 1070 1390 1103 Domitianum
1412 1070 1514 1102 iutel-

836 1124 905 1169 lige
918 1149 927 1165 ,
942 1124 1004 1169 qui
1014 1123 1229 1168 Vespasiano
1243 1136 1306 1156 suo
1322 1122 1411 1167 patri
1427 1134 1516 1154 mor-

838 1185 898 1209 tuo
915 1176 1055 1209 divinos
1071 1176 1222 1209 honores
1237 1175 1380 1216 tribuit,
1395 1183 1428 1208 et
1444 1175 1520 1208 Fla-

837 1230 902 1263 viae
914 1229 1009 1275 genti
1022 1229 1191 1274 templum
1205 1227 1364 1262 condidit
1373 1254 1381 1268 ‚
1393 1227 1436 1259 de
1447 1240 1518 1273 quo

837 1283 900 1316 lib.
923 1283 997 1323 IX,
1017 1282 1126 1328 epigr.
1154 1294 1202 1314 xv.
1226 1282 1296 1314 Alii
1320 1281 1520 1325 intelligunt

838 1336 1034 1380 Augustum
1047 1360 1056 1375 ‚
1085 1334 1144 1379 qui
1174 1334 1313 1367 Julium
1347 1335 1515 1367 Caesarem

839 1397 976 1434 patrem
1007 1401 1109 1421 suum
1142 1387 1347 1432 adoptivum
1379 1386 1520 1431 publice

839 1443 875 1475 in
902 1454 1087 1475 numerum
1117 1440 1265 1473 deorum
1293 1439 1425 1473 retulit.
1452 1438 1520 1471 Sed

838 1495 957 1527 malim
976 1494 1215 1527 Domitianum
1232 1492 1465 1537 interpretari.

685 1630 941 1688 CXXV.

734 1789 886 1817 IDEM.

177 1918 220 1959 Si
253 1916 486 1958 matutinos
518 1913 643 1958 facile
670 1924 735 1958 est
760 1913 836 1957 tibi
864 1929 1066 1975 rumpere
1095 1930 1293 1962 somnos„

247 1987 403 2029 Attrita
429 1986 572 2029 veniet
602 1984 796 2045 sportula
827 2001 940 2045 saepe
970 1994 1083 2044 toga.

649 2124 674 2156 si
694 2124 780 2157 salu-

108 2176 255 2210 tationes
274 2177 461 2210 matutinas
484 2177 582 2210 obire
602 2176 780 2221 potueris,

109 2229 255 2274 accipies
268 2229 410 2274 quidem
427 2230 636 2276 sportulam,
651 2228 711 2263 sed
728 2239 780 2262 to-

109 2294 185 2326 gam
207 2290 344 2316 atteres.
365 2281 432 2315 Adi
455 2295 595 2323 rursus,
619 2282 647 2315 si
675 2283 778 2320 libet,

107 2334 183 2366 loca
203 2335 352 2379 plurima
371 2335 406 2368 in
426 2336 553 2380 quibus
569 2334 613 2368 de
632 2343 782 2369 anteam-

109 2387 329 2420 bulationum
349 2387 574 2421 multitudine
595 2388 779 2434 conqueri-

110 2447 167 2471 tur
185 2439 245 2472 lib.
273 2441 326 2481 II,
346 2441 454 2486 epigr.
478 2453 603 2481 Lxxlv3
622 2441 682 2474 lib.
706 2442 781 2481 III,

168 2136 196 2156 1.
217 2123 255 2156 Si
270 2127 446 2157 matutinos.
466 2124 545 2156 Hoc
559 2132 629 2163 est,

110 2492 220 2536 epigr.
241 2504 341 2534 va13
363 2494 423 2526 lib.
444 2494 492 2533 X,
515 2505 616 2526 Lxxlv
639 2502 673 2526 et
699 2506 781 2534 cv13

110 2544 170 2577 lib.
186 2545 252 2585 XI,
265 2545 444 2579 xxiv.Vid.
457 2558 597 2591 quoque
608 2546 667 2579 lib.
679 2547 781 2587 XIV,

112 2596 220 2642 epigr.
240 2610 332 2631 xxvl.

895 2138 925 2156 2.
941 2124 975 2156 A
988 2124 1062 2155 trita
1078 2122 1220 2155 Salmas.
1234 2120 1317 2154 Vid.
1334 2121 1434 2153 infra.
1452 2121 1519 2153 Pro

840 2189 940 2220 saepe,
957 2176 991 2208 in
1007 2188 1114 2220 marg.
1136 2174 1190 2208 ed.
1214 2174 1338 2219 Langii
1357 2174 1512 2206 multa.—

841 2231 981 2269 Attrita‚
997 2237 1061 2262 etc.
1075 2227 1281 2273 Legendum
1296 2239 1303 2260 ε
1322 2228 1356 2260 Α
1373 2229 1447 2258 trita
1470 2239 1519 2257 ve-

841 2284 905 2314 niet
913 2282 1053 2326 sportula
1063 2295 1145 2326 scope
1156 2282 1280 2325 toga.V
1283 2281 1315 2313 ul
1320 2293 1364 2324 go
1381 2279 1518 2316 Attrita,

842 2347 1036 2380 perperam.
1063 2335 1239 2380 Loquitur
1261 2334 1356 2366 enim
1378 2331 1421 2364 de
1442 2340 1518 2375 toga

841 2388 1077 2421 salutantium.
1092 2388 1224 2420 Eorum
1238 2386 1330 2418 enim
1348 2394 1424 2429 toga
1439 2396 1520 2417 con-

841 2441 1029 2479 terebatur,
1042 2440 1101 2486 qui
1112 2439 1328 2485 potentiores
1341 2437 1497 2471 colebant
1511 2462 1519 2476 ‚

842 2506 1033 2538 eorumque
1056 2493 1177 2526 limina
1197 2491 1374 2524 matutinis
1393 2490 1518 2522 saluta-

842 2546 997 2580 tionibus
1018 2545 1285 2590 frequentabant
1297 2568 1304 2580 ,
1326 2551 1362 2575 ut
1379 2550 1518 2587 sportu-

842 2599 908 2633 lam
930 2600 1164 2632 lucrarentur.
1189 2597 1323 2629 Salmas.
