1901 3259
399 218 987 264 EPIGRAMMATUM
1027 216 1152 259 LIB.
1192 215 1311 258 XII.
1491 230 1541 258 21

714 383 970 440 XXIII.

627 553 686 581 IN
742 530 1058 582 LAELIAM.*

201 695 445 738 DEN'MBUS
471 700 600 751 atque
625 692 785 746 comis,
808 707 889 734 nec
912 700 954 734 te
976 688 1135 751 pudet,
1163 687 1295 731 uteris
1320 687 1488 747 emptis.

270 762 390 820 Quid
411 762 541 806 facies
563 761 716 816 oculo,
746 760 906 806 Laelia?
931 777 1021 805 non
1042 760 1212 804 emitur.

184 909 197 923 ¹
211 911 384 947 Edentula
397 924 489 953 eras,
504 910 679 945 adscivisti
693 909 814 944 dentes

130 967 304 1000 eburneos
337 966 537 1010 buxeosque
559 976 567 998 ε
594 965 690 998 calva
719 976 793 997 eras
804 990 812 1002 ,

130 1019 309 1065 sumpsisti
329 1030 444 1052 comas
467 1017 614 1051 factitias
631 1025 666 1051 et
686 1017 814 1062 empti-

131 1072 305 1107 tias:caeca
323 1072 411 1104 facta
428 1083 480 1113 es,
499 1084 568 1118 qua
587 1079 659 1104 arte
680 1070 816 1104 reficies

129 1126 197 1158 hoc
213 1124 381 1159 damnum
397 1151 406 1167 ‚
428 1137 537 1171 quum
554 1124 650 1158 oculi
666 1136 740 1158 non
754 1136 815 1168 pe-

129 1178 232 1211 rinde
246 1192 286 1213 ac
304 1191 414 1212 comae
427 1187 531 1224 atque
545 1177 665 1212 dentes
679 1176 814 1212 adulte-

129 1232 195 1265 rati
213 1231 399 1265 emantur?

186 1297 219 1318 2.
251 1285 343 1329 Quid
361 1286 464 1327 facies
477 1289 496 1317 Ρ
523 1285 630 1318 oculus
642 1311 651 1324 ‚
686 1284 788 1316 Loelia
802 1310 811 1323 ,

130 1350 192 1370 non
209 1352 236 1371 e.
257 1338 446 1371 Pulmanni
467 1337 547 1371 cod.
566 1337 719 1372 Consule
729 1337 812 1370 Var.

130 1390 212 1425 Not.
230 1414 283 1419 —
302 1391 393 1437 Quid
403 1393 507 1434 facies
526 1392 626 1426 oculo.
645 1390 723 1432 Qua
742 1398 815 1424 arte

875 910 968 944 oculi
990 909 1248 944 deformitatem
1268 908 1382 954 teges?
1396 908 1492 942 oculi
1514 908 1554 941 fi·

875 964 962 998 ctitii
976 976 1048 996 non
1063 971 1242 997 emuntur.
1253 961 1337 995 Vid.
1354 969 1428 995 not.
1445 974 1471 995 1.
1484 961 1557 995 Cae-

876 1025 991 1050 terum
1006 1025 1093 1062 puto
1107 1015 1366 1062 epigrammatis
1378 1015 1471 1048 illius
1485 1014 1556 1059 pri-

875 1070 1021 1104 mariam
1033 1070 1281 1115 cogitationem
1290 1069 1419 1102 Nostro
1431 1067 1557 1100 eodem

875 1133 1033 1169 tempore
1044 1122 1218 1164 incidisse,
1229 1135 1302 1168 quo
1315 1120 1555 1168 praecedentis.

874 1177 980 1210 Enim
999 1189 1084 1209 vero
1107 1188 1264 1222 persaepe
1283 1175 1320 1208 in
1341 1174 1556 1207 nostratibus

876 1231 937 1276 qui
957 1229 1103 1276 quidem
1131 1229 1284 1275 plurima
1307 1228 1557 1273 epigrammata

875 1284 1136 1329 scriptitarunt,
1153 1281 1225 1315 duo
1244 1282 1299 1316 vel
1320 1289 1388 1314 tres
1408 1281 1462 1313 vel
1484 1293 1555 1312 am-

873 1338 969 1384 plius
982 1344 1186 1375 occurrunt,
1199 1348 1350 1381 quorum
1361 1333 1480 1368 eadem
1495 1341 1556 1367 aut

876 1390 998 1425 similis
1019 1389 1164 1424 materia
1184 1398 1248 1423 est.

728 1536 968 1593 XXIV.

342 1708 410 1736 AD
447 1707 768 1746 JUVENCUM,
806 1707 873 1735 DE
913 1706 1123 1735 COVINO
1163 1703 1354 1734 CURRU.

343 1844 384 1884 O
406 1855 651 1896 JUCUNDA,
679 1842 870 1895 Covine‚
898 1840 1087 1885 solitudo
1103 1876 1114 1892 ,

344 1914 540 1956 Carruca
562 1912 723 1973 magis,
746 1911 985 1972 essedoque
1009 1919 1183 1972 gratum

343 1982 537 2026 Facundi
562 1983 668 2027 mihi
694 1999 853 2027 munus
879 1982 1062 2037 AEliani;

345 2054 427 2098 Hic
450 2069 623 2097 mecum
648 2053 772 2110 licet,
794 2054 890 2109 hic,
910 2056 934 2098 J
939 2068 1129 2109 uvence,
1153 2051 1365 2113 quidquid

340 2125 393 2167 In
417 2124 603 2169 buccam
626 2124 703 2168 tibi
725 2126 920 2181 venerit,
940 2124 1145 2185 loquaris.

188 2286 201 2307 1
211 2299 218 2307 .
236 2273 267 2307 C
265 2276 370 2307 occine
383 2273 462 2308 cod.
474 2275 609 2308 Beverl-
620 2296 673 2301 -
685 2274 812 2307 Covine.

130 2326 296 2360 Vehiculi
311 2327 426 2361 falcati
436 2340 547 2373 genus
560 2336 627 2369 est,
641 2340 711 2373 quo
721 2327 815 2361 Galli

128 2381 166 2412 in
181 2380 308 2425 praeliis
325 2382 529 2415 utebantur.
539 2403 593 2408 —-
603 2381 752 2414 „Iucunda
766 2394 815 2413 so-

130 2432 240 2466 litudo.
261 2433 398 2480 Nempe
415 2443 562 2481 propter
577 2435 738 2468 umbram
754 2446 813 2468 co-

129 2485 202 2518 vini
219 2487 301 2520 tecti
319 2496 353 2522 et
366 2489 470 2522 velati
483 2514 491 2529 ‚
511 2496 549 2521 ut
567 2489 613 2521 ait
630 2487 810 2522 Raderus:

129 2538 190 2572 sed
204 2540 346 2582 melius,
360 2553 439 2574 meo
449 2540 586 2587 judicio
596 2568 604 2583 ,
619 2541 810 2574 Farnabius

128 2592 294 2626 covinum
323 2593 551 2628 solitudinem
577 2594 646 2628 dici
670 2608 688 2628 a
707 2595 812 2628 Poeta

129 2654 262 2690 censet,
273 2646 368 2693 quod
377 2656 556 2693 regeretur
562 2649 636 2682 sinc
645 2648 810 2683 mulionc.

931 2288 963 2308 2,
987 2274 1129 2308 Carruca
1140 2301 1150 2315 ,
1165 2274 1342 2320 essedoque.
1352 2273 1441 2320 Sunt
1455 2273 1557 2306 etiam

874 2339 1044 2362 curruum
1061 2339 1204 2374 genera.

930 2382 961 2415 3.
984 2382 1118 2414 Heliam'
1133 2379 1215 2414 edd.
1236 2381 1313 2415 Col.
1332 2380 1439 2414 Paris.
1461 2393 1474 2413 1
1485 2381 1505 2413 6
1516 2392 1528 2413 1
1539 2392 1558 2424 7

873 2443 908 2468 et
928 2435 1077 2468 Farnab.
1102 2435 1237 2468 Nele'ani
1255 2435 1354 2468 Junt.
1378 2446 1441 2479 per
1463 2445 1560 2465 erro-

872 2500 960 2522 rem.
991 2488 1088 2522 Alios
1123 2488 1289 2520 Hadriani
1313 2488 1430 2533 legere
1459 2493 1560 2519 notat

872 2542 1019 2575 Farnab.
1041 2549 1077 2575 et
1093 2542 1143 2575 sic
1158 2541 1242 2585 legit
1260 2540 1338 2574 cod.
1354 2541 1390 2573 in
1407 2539 1465 2573 ed.
1479 2539 1556 2572 Pari

873 2597 912 2628 16
922 2608 935 2628 1
945 2608 978 2640 7.
991 2595 1117 2628 Adiani
1127 2595 1205 2627 Vat.
1221 2594 1285 2627 nisi
1304 2602 1396 2627 errat
1409 2592 1544 2627 Beverl.

903 2653 922 2689 4
931 2675 936 2681 .
945 2646 1322 2693 Quid‹]11i(l.Quodlibet
1331 2648 1442 2682 libere
1452 2645 1558 2680 dicas*

1332 2710 1346 2733 3

1290 2738 1313 2763 2
