1901 3259
316 225 896 269 EPIGRAMMATUM
933 224 1060 267 LIB.
1100 222 1238 265 XIV.

1387 218 1483 262 213

608 376 929 432 LXXXV.

493 529 694 558 LECTUS
743 527 1063 557 PAVONINUS.

145 654 347 697 NOM1NA
379 652 452 696 dat
480 652 657 713 spondae
685 653 810 713 pictis
838 651 1130 712 pulcherrima
1158 652 1311 711 pennis

214 724 344 767 Nunc
370 723 554 767 Junonis
578 724 667 765 avis
696 739 703 765 :

731 722 805 766 sed
832 723 952 782 prius
974 723 1116 781 Argus
1139 731 1245 764 erat.

147 864 314 922 Οὕνομα
339 857 444 905 ὸῶκε
467 865 576 933 λέχει
602 862 721 904 καλλι
710 878 867 919 ’πτερον
895 862 1040 919 ὄρνεον·
1068 848 1176 919 Ηρης

217 923 296 982 Ee}
323 939 452 975 τονῦν·
477 921 653 992 Ᾰργοςὸ

134 1083 147 1104 1
155 1096 163 1104 .
174 1071 313 1104 Nomina
325 1071 382 1103 dat
393 1071 533 1115 spondae.
544 1070 644 1102 Lecti
655 1071 755 1114 quip-

77 1136 122 1169 pe
140 1123 307 1169 pavonini
327 1122 516 1161 dicuntur,
540 1134 612 1155 non
637 1120 733 1167 quod
745 1148 753 1161 ,

77 1184 117 1210 ut
133 1176 248 1222 inquit
264 1174 420 1208 Raderus
431 1200 440 1215 ‚
455 1182 656 1220 tegerentur
671 1186 754 1219 pen-

77 1229 132 1262 nis
149 1237 208 1262 aut
223 1228 332 1262 oculis
346 1240 542 1273 pavonum,
560 1226 622 1260 sed
636 1228 753 1261 citreis

77 1281 207 1316 tabulis
219 1293 294 1326 quae
307 1281 443 1326 plumas
455 1292 677 1325 gemmasque
691 1292 753 1326 pa-

78 1347 210 1367 vonum
239 1334 498 1367 aemularentur.
527 1329 663 1366 Plinius
689 1333 750 1366 lib.

80 1388 187 1428 XIII,
214 1399 288 1433 cap.
321 1388 364 1420 18
391 1385 435 1419 de
458 1386 589 1419 mensis
613 1386 752 1420 citreis:

85 1439 197 1473 «Sunt
218 1448 252 1473 et
274 1438 432 1473 undatim
458 1439 600 1484 crispae‚
624 1441 756 1483 majore

81 1493 189 1537 gratia
201 1518 210 1534 ‚
236 1494 262 1526 si
286 1505 465 1538 pavonum
491 1490 611 1526 caudae
639 1492 756 1525 oculos

632 926 670 972 ὸ’
695 932 794 974 αὐτὸ
820 930 1040 988 πάροιθενς
1027 932 1107 976 ε’·νν.

814 1069 1007 1102 imitentur.
1029 1085 1042 1096 n

814 1122 882 1154 cti:
909 1120 1004 1154 unde
1021 1122 1174 1154 Annaeus
1195 1120 1316 1154 scribit
1337 1120 1415 1153 citri
1439 1133 1491 1154 ra-

814 1174 908 1208 dices
924 1174 1056 1207 insanis
1067 1173 1191 1218 pretiis
1204 1173 1334 1206 licitari
1354 1173 1489 1207 solitas:

814 1236 847 1260 et
859 1228 997 1260 Persius
1011 1239 1041 1259 :-
1059 1226 1138 1259 Nou
1154 1224 1324 1272 quidquid
1338 1224 1490 1270 denique

815 1280 912 1313 lectis
931 1279 1101 1313 Sci-ibitur
1116 1279 1152 1311 in
1172 1278 1298 1312 citreis.
1321 1295 1334 1307 »ι

871 1346 904 1366 2.
928 1332 996 1366 Sed
1011 1335 1101 1378 prius
1125 1333 1249 1376 Argus.
1273 1331 1345 1372 Qui
1367 1343 1493 1376 nempe

814 1387 833 1418 J
839 1385 964 1419 unonis
977 1385 1173 1430 speculator
1186 1384 1222 1417 in
1235 1396 1408 1430 pavonem
1420 1383 1492 1416 dea*

815 1451 951 1472 sacrum
968 1438 1033 1472 fuit
1055 1450 1254 1471 conversus.
1269 1437 1356 1478 Quae
1377 1436 1490 1470 fabula

817 1492 871 1524 vel
895 1492 1010 1537 pueris
1029 1499 1124 1524 uota.

604 1626 974 1690 LXXXVI.

602 1782 969 1812 EPHIPPIL'M.

155 1913 406 1955 STRAGULA
440 1909 647 1952 succincti
665 1944 675 1956 ,
702 1918 904 1955 venator,

937 1923 1058 1950 sume
1086 1906 1232 1950 veredi
1244 1924 1256 1958 ς

228 1981 343 2024 Nam
376 1979 483 2023 solet
517 1996 539 2022 a
571 1979 690 2022 nudo
722 1994 900 2038 surgere
926 1977 1034 2020 ficus
1059 1993 1184 2036 equo.

153 2123 363 2191 Στρωμαθ’
388 2126 443 2164 ὑτ·
430 2117 620 2174 όζωσον,
651 2118 848 2179 θτρευτὰ,
873 2121 1024 2176 μώνυχι
1051 2133 1199 2174 κουφῳ·

230 2182 357 2242 Ϊππος
385 2196 461 2252 γὰρ
491 2198 610 2234 σῦκον
639 2191 787 2251 γυυνὸς
818 2190 932 2247 ἔφυσε
963 2188 1088 2246 θαμά.

149 2343 162 2363 1
172 2356 179 2363 .
193 2330 357 2375 Stragula.
371 2329 532 2374 Intellige
546 2329 766 2374 ephippium,

91 2395 162 2428 quo
177 2383 243 2416 nisi
256 2390 430 2416 sternatur
442 2394 551 2427 equus
563 2379 660 2415 Iaedit
673 2380 768 2425 equi-

92 2443 163 2469 tem
174 2460 184 2476 ,
202 2434 259 2468 cui
276 2434 430 2468 nascitur
446 2434 532 2468 ficus
545 2461 554 2474 ,
571 2433 697 2467 ulceris
714 2445 768 2477 ge-

93 2500 177 2527 nus,
196 2486 239 2520 de
257 2499 328 2532 quo
344 2487 404 2520 lib.
422 2488 458 2527 1,
479 2487 586 2532 epigr.
605 2498 698 2519 var.
716 2486 767 2518 De

93 2538 223 2573 veredo
233 2552 294 2573 seu
306 2551 398 2585 equo
407 2539 624 2572 velocissimo
634 2538 768 2572 dictum

94 2593 158 2626 lib.
177 2593 246 2626 XII
258 2619 267 2633 ‚
286 2593 392 2637 epigr.
414 2604 471 2624 xlv
493 2604 499 2624 τ
521 2592 682 2625 “Parcius
697 2599 769 2624 uta-

98 2647 142 2679 ris
157 2657 283 2678 moneo
299 2644 454 2690 rapiente
470 2643 609 2677 veredo.
628 2662 641 2674 n
665 2644 769 2677 Forte

828 2326 988 2371 intelligit
1007 2337 1098 2370 equo
1114 2325 1291 2357 succincto
1307 2336 1367 2357 seu
1381 2324 1504 2369 ephip-

828 2378 922 2424 piato
939 2376 1196 2423 imponendum
1211 2388 1284 2410 esse
1298 2377 1502 2421 stragulum.

828 2431 962 2465 Gallice
977 2431 1168 2475 une‘lzousse.
1186 2428 1255 2462 Sed
1272 2441 1382 2475 quum
1395 2427 1506 2462 dicat.

828 2498 847 2516 <z
874 2484 957 2517 nudo
988 2497 1065 2529 equo
1080 2511 1087 2522 ,
1118 2483 1329 2527 interpretor
1358 2481 1501 2523 stragula

829 2537 1033 2582 simpliciter
1057 2534 1281 2580 ephippium.

887 2604 901 2622 2
911 2617 917 2622 .
935 2590 1047 2622 Pectus
1066 2600 1130 2632 pro
1136 2586 1220 2631 ficus
1235 2585 1354 2619 Aldus.
1373 2586 1422 2618 De
1438 2586 1504 2618 fico

830 2642 963 2676 dictum
978 2642 1036 2674 lib.
1054 2642 1087 2681 Ι,
1112 2653 1166 2685 ep.
1180 2640 1294 2672 citato.

1184 2701 1263 2763 14³
