2044 3292
530 267 617 296 102

898 253 959 294 M.
986 253 1127 296 VAL.
1167 253 1563 297 MARTIALIS

1158 405 1299 462 XX.

1161 562 1314 592 NAPI.

594 666 692 712 Nos
724 668 975 711 Amiternus
1003 682 1108 728 ager
1137 665 1336 712 felicibus
1361 666 1520 712 educat
1542 668 1703 725 hortis3

665 738 874 782 Nursinas
902 738 1064 798 poteris
1089 738 1261 799 parcius
1287 754 1380 783 esse
1405 737 1529 800 pilas.

598 866 721 935 Ημεῖς
751 875 952 936 εὐκάρπου
976 876 1149 936 eelogae-:v
1177 868 1348 937 κῆπευμ’
1375 870 1616 938 Ᾱμιτέρνου·

667 940 925 1008 Γογγυλίδων
954 948 1142 1008 Νούρσης
1168 949 1241 991 οὐκ
1265 944 1311 990 ἂν
1336 948 1422 1007 ἔχοι
1448 965 1491 991 σε
1519 948 1656 999 πόθος.

583 1098 612 1120 ῐ.
626 1087 698 1120 Hos
708 1085 788 1120 Ald.
798 1086 900 1120 Junt.
915 1086 1033 1121 Colin.
1043 1109 1094 1114 ---
1101 1087 1202 1133 Napi.

527 1141 597 1182 Qui
620 1152 745 1186 parum
769 1139 943 1173 differunt
966 1153 984 1173 a
1006 1139 1112 1185 rapis.
1135 1139 1204 1174 Co-

526 1193 613 1227 lum.
626 1193 687 1227 lib.
703 1194 759 1235 II,
773 1205 848 1238 cap.
871 1205 925 1226 10.
938 1214 990 1219 —
1005 1195 1201 1235 Amiternus,

528 1254 594 1280 etc.
611 1247 833 1280 Amiternum
847 1246 930 1280 urbs
949 1247 1058 1279 Italiae
1069 1272 1078 1288 ,
1094 1247 1205 1292 Aqui-

528 1299 604 1333 leiae
625 1299 750 1333 vicina.
768 1300 809 1332 In
828 1311 896 1345 qua
914 1299 1044 1345 palude
1065 1295 1207 1346 (inquit

528 1351 695 1386 Sidonius
721 1353 934 1398 Apollinaris
956 1353 1018 1386 lib.
1042 1354 1078 1394 I,
1101 1354 1202 1398 epist.

530 1407 550 1440 8
569 1405 581 1446 )
600 1407 690 1439 muri
709 1405 860 1443 cadunt,
881 1418 981 1452 aquae
996 1414 1086 1440 stant
1103 1418 1111 1439 ε
1132 1414 1205 1440 tur-

527 1471 582 1494 res
598 1459 733 1503 fluunt,
748 1467 812 1494 etc.
831 1460 931 1493 Mare
950 1467 1066 1493 autem
1083 1458 1207 1494 Adria-

1263 1087 1373 1122 ticum
1383 1088 1557 1122 Ravennae
1566 1086 1755 1134 paludibus
1773 1088 1945 1123 immisce-

1264 1148 1333 1175 tur.
1350 1141 1493 1176 Vitruv.
1512 1141 1573 1175 lib.
1594 1142 1610 1174 I
1623 1166 1633 1183 ,
1655 1152 1731 1187 cap.
1757 1146 1791 1182 4.

1320 1206 1354 1228 2.
1374 1194 1533 1228 Nursinas
1552 1194 1649 1239 pilas.
1671 1195 1768 1240 Rapa
1790 1192 1944 1228 rotunda

1264 1246 1495 1293 interpretare
1522 1259 1530 1280 :
1557 1247 1684 1281 Nursia
1711 1259 1794 1280 vero
1823 1246 1944 1281 civitas

1265 1307 1316 1333 est
1344 1300 1553 1334 Sabinorum
1566 1326 1574 1341 ‚
1602 1299 1711 1333 hodie
1739 1300 1863 1334 Nor-za.
1892 1321 1944 1327 —

1264 1354 1400 1386 Parcius
1416 1366 1490 1387 esse.
1506 1354 1572 1386 Vel
1588 1352 1684 1399 quod
1698 1353 1860 1387 Nursinae
1876 1353 1943 1386 illae

1264 1405 1347 1452 pilae
1362 1407 1462 1452 napis
1479 1406 1669 1440 Amiternis
1686 1406 1837 1441 cariores
1855 1406 1944 1448 sint,

1266 1460 1321 1494 vel
1339 1459 1437 1506 quod
1454 1459 1730 1505 injucundiores.

1140 1593 1322 1650 XXI.

1074 1732 1383 1781 ASPARAG1.*

595 1879 781 1922 MoLLis
807 1879 849 1920 in
876 1892 1077 1938 aequorea
1104 1893 1200 1938 quae
1224 1878 1363 1921 crevit
1389 1879 1511 1938 spina
1538 1878 1772 1930 Ravenna,

666 1949 767 1992 Non
798 1948 881 1991 erit
912 1947 1083 1992 incultis
1116 1950 1280 2009 gratior
1307 1949 1540 2009 asparagis.

594 2077 747 2132 ὅντινα
775 2089 974 2149 παῤῥαλίη
1003 2089 1227 2148 μυάκανθον
1261 2087 1396 2148 ἔθρεψε
1422 2080 1599 2135 Ραὲέννη

663 2161 793 2203 Οὔτοι
823 2160 1063 2206 ἀκηπεύτων
1093 2160 1338 2221 ἀσπαράγων
1368 2161 1567 2220 προφέρει.

573 2296 586 2309 '
604 2299 710 2332 Nulla
731 2299 789 2332 hic
809 2298 994 2345 scripturae
1012 2299 1170 2333 varietas.

579 2365 590 2386 ι
601 2379 609 2386 .
624 2352 736 2385 Mollis
751 2353 853 2398 spina.
868 2352 1002 2386 Plinius
1016 2352 1077 2386 lib.
1094 2353 1199 2394 XXI,

520 2417 596 2450 cap.
617 2417 631 2438 1
642 2404 660 2439 5
682 2417 690 2438 ε
714 2406 777 2438 «In
794 2413 907 2439 totum
921 2405 1021 2451 spina
1037 2413 1089 2438 est
1105 2418 1201 2451 aspa-

517 2471 632 2504 ragus.
650 2475 664 2487 a·
691 2457 820 2492 Sensus
842 2466 893 2492 est
913 2458 1172 2504 epigrammatis
1191 2470 1198 2491 :

519 2511 685 2557 Asparagi
711 2512 894 2556 sylvestres
919 2519 952 2545 et
974 2511 1097 2546 inculti
1126 2524 1197 2544 non

517 2563 647 2598 cedunt
660 2564 919 2598 Ravennatibus
933 2565 1104 2610 asparagis
1122 2564 1196 2597 cnl-

517 2617 559 2650 tis
569 2626 603 2651 ct
615 2617 713 2658 satis;
725 2616 769 2651 de
780 2618 907 2663 quibus
918 2617 1009 2651 Plin.
1022 2617 1082 2651 lib.
1096 2617 1194 2658 XIX,

515 2682 590 2715 cap.
607 2676 626 2711 4
641 2682 647 2703 ;
669 2670 835 2704 «Nullum
851 2672 981 2716 gratius
999 2670 1053 2705 his
1064 2671 1194 2708 solum,

1261 2312 1369 2345 quam
1402 2298 1660 2333 Ravennatium
1689 2299 1874 2333 hortorum
1899 2317 1912 2330 u
1932 2325 1941 2342 ‚

1260 2365 1341 2386 mox
1349 2365 1424 2398 cap.
1436 2354 1469 2387 8.
1479 2352 1801 2386 «Triumlibrarum
1810 2365 1944 2399 aspara·

1260 2418 1342 2450 gum
1356 2406 1520 2439 Ravenna
1530 2404 1721 2450 aliquando
1734 2404 1912 2451 produxit.
1922 2424 1936 2436 η

1262 2457 1346 2491 Vid.
1369 2460 1440 2504 jam
1467 2458 1593 2491 citatus
1615 2458 1769 2500 Plinius,
1794 2457 1855 2492 sed
1877 2458 1938 2492 lib.

1261 2512 1369 2551 XXI,
1389 2524 1462 2556 cap.
1490 2511 1556 2553 153
1576 2511 1654 2545 Cat.
1674 2510 1720 2544 de
1738 2512 1780 2544 R.
1801 2513 1843 2545 R.
1861 2523 1937 2558 cap.

1264 2567 1327 2605 1(5;
1344 2564 1471 2598 Athen.
1487 2564 1549 2598 lib.
1569 2565 1624 2604 II,
1637 2577 1711 2610 cap.
1729 2564 1797 2606 333
1810 2565 1938 2598 Joann.

1256 2617 1445 2662 Bruyerin.
1468 2618 1556 2650 VIII
1570 2643 1580 2658 ‚
1603 2618 1644 2651 18
1665 2626 1699 2651 et
1732 2618 1792 2652 82.
1813 2638 1856 2644 —
1872 2617 1939 2650 Ra-

1258 2684 1363 2704 venna.
1384 2671 1434 2704 De
1452 2683 1521 2716 qua
1539 2671 1600 2704 lib.
1616 2671 1690 2714 111,
1704 2669 1814 2715 epigr.
1834 2681 1907 2703 rvr.
