1901 3259
306 200 890 244 EPIGRAMMATUM
929 199 1051 243 LIB.
1092 201 1230 243 XIV.

1386 197 1474 259 167

739 351 808 404 V.

436 506 806 536 ,PUGILLARES
845 486 1089 535 mmmm*

144 632 401 675 LANGUIDA
426 647 480 674 ne
508 633 650 675 tristes
680 631 915 675 obscurent
943 630 1103 675 lumina
1138 646 1246 675 cerae
1263 666 1273 686 ‚

209 701 348 762 Nigra
378 701 454 744 tibi
486 702 660 745 niveum
691 700 815 745 litera
839 702 991 762 pingat
1017 701 1136 745 ebur.

143 827 263 901 ὀφρα
287 844 340 900 μὴ
364 837 571 901 οἱῧληχρὰς
593 837 794 900 οἱμὸλύναι
818 842 935 900 κηρὸς
961 841 1151 896 ὄπωπας,

212 907 352 961 Στίξαι
374 915 576 970 λευκοφαῆ
596 913 749 972 γράμμ’
774 913 973 970 ἐλέφαντα
996 912 1134 968 μέλαν.

125 1045 140 1060 '¹
153 1050 194 1083 P.
210 1049 335 1083 eburnei
354 1048 434 1084 edd.
455 1057 538 1083 vett.
561 1058 595 1083 et
614 1049 743 1095 Delph.

75 1111 109 1137 et
126 1102 239 1136 Maitt.

125 1177 177 1183 —
191 1155 382 1201 Pugillares
399 1155 545 1189 eburnei
561 1151 613 1195 (ut
627 1155 748 1189 scribit

75 1209 208 1250 Canio,
229 1207 414 1242 Emendat.
440 1209 502 1242 lib.
522 1210 577 1251 II,
602 1221 679 1254 cap.
708 1202 745 1251 6)

75 1260 243 1295 videntur
269 1260 445 1307 duplices,
474 1262 542 1295 hoc
567 1269 637 1304 est,
661 1261 747 1295 dua·

74 1327 154 1348 rum
181 1314 388 1360 paginarum
418 1314 541 1356 fuisse,
570 1315 747 1348 omnium·

75 1379 143 1412 que
167 1368 320 1412 exceptis
343 1368 460 1402 citreis
486 1368 747 1412 pretiosissimi,

76 1428 142 1454 etc.
165 1420 392 1464 Symmachus
418 1433 557 1467 quoque
584 1421 646 1454 lib.
674 1421 749 1461 III,

76 1473 173 1518 epist.
190 1475 254 1512 30,
272 1474 496 1519 pugillarium
512 1474 750 1508 eburneorum

803 1049 874 1082 sive
882 1049 1243 1094 eboreoruni‚hocgeii
1251 1062 1302 1090 us,
1310 1051 1483 1084 meminit.

863 1114 893 1135 1.
918 1102 1088 1146 Languida
1104 1115 1141 1134 ne
1153 1129 1162 1142 ,
1184 1110 1250 1135 etc.
1270 1103 1407 1144 Quibus
1424 1117 1484 1148 per

807 1155 971 1188 morbum
1001 1155 1056 1188 vel
1084 1163 1220 1189 aetatem
1247 1156 1405 1189 obtusior
1432 1165 1482 1190 est

807 1208 991 1242 oculorum
1010 1208 1099 1241 acies
1111 1234 1120 1249 ‚
1139 1216 1179 1241 ut
1197 1221 1268 1242 non
1284 1208 1484 1243 discernant

807 1274 883 1307 quae
899 1261 1020 1295 ceratis
1040 1261 1294 1303 inscribuntur,
1312 1271 1483 1296 atramen-

807 1323 844 1348 to
875 1314 1068 1349 inscribant
1100 1315 1217 1354 ebori;
1248 1323 1321 1348 ater
1352 1315 1482 1360 quippe

807 1368 905 1401 color
921 1367 1000 1401 albo
1013 1369 1155 1414 junctus
1173 1367 1286 1402 acrius
1311 1368 1392 1402 ferit
1409 1381 1485 1402 sen-

807 1433 884 1454 sum
913 1429 948 1454 et
973 1421 1108 1454 facilius
1136 1421 1358 1466 perspicitur,
1382 1433 1484 1467 quain

809 1487 884 1519 quae
905 1474 980 1508 alba
998 1474 1081 1507 albis
1105 1475 1361 1519 insculpuntur.

728 1617 828 1673 VI.

632 1772 931 1800 TRIPLICES.

149 1889 281 1931 TUNG
306 1886 494 1948 triplices
523 1895 695 1929 nostros
726 1901 815 1928 non
846 1884 943 1927 vilia
970 1883 1084 1927 dona
1114 1884 1306 1944 putabis,

220 1958 369 2014 Quum
402 1974 446 2001 se
476 1966 704 2001 venturam
733 1955 890 2000 scribet
918 1956 1056 1999 amica
1079 1954 1172 1997 tibi.

150 2073 263 2146 ΙΪῙμος
292 2087 546 2146 ἐλευσομένην
575 2086 636 2128 σοὶ
660 2084 804 2147 γράψει
830 2087 1001 2144 ἐρωμένη
1031 2086 1155 2135 αὐτήἣ

220 2157 390 2207 Εὐτελὲς
411 2159 455 2199 οὐ
478 2158 611 2215 φήσεις
631 2157 836 2216 τρίπτὺχα
858 2150 986 2216 δῶρον
1007 2154 1096 2214 ἐμοί.

140 2308 169 2329 ι.
198 2295 359 2341 Triplices.
381 2295 474 2337 Qui,
494 2307 511 2328 a
531 2294 642 2328 tribus
662 2294 755 2327 foliis

83 2349 131 2382 sic
150 2347 233 2382 dicti
243 2374 252 2391 ‚
266 2349 370 2381 rebus
379 2347 555 2382 amatoriis
569 2356 603 2380 et
616 2347 755 2381 leviori-

84 2402 147 2434 bus
163 2400 354 2434 scribendis
366 2398 701 2442 inserviebant‚dum
719 2400 753 2432 in

84 2453 365 2499 quincuplicibus
397 2454 548 2487 honores
578 2462 611 2487 et
647 2453 754 2498 magi-

86 2514 214 2540 stratus
246 2506 465 2552 potissimnm
493 2507 754 2540 scriberentur:

86 2559 179 2593 dona
209 2571 292 2592 vero
321 2571 513 2604 pauperum
546 2558 754 2593 erant.Vid.

88 2625 162 2658 quae
188 2611 336 2646 diximus
365 2611 406 2646 ad
434 2612 540 2658 epigr.
566 2625 619 2654 iv,
640 2624 754 2657 supra.

813 2315 865 2320 --
887 2294 962 2327 Note
994 2294 1085 2326 vilia.
1116 2293 1325 2339 Quanquam
1359 2294 1489 2328 leviora

814 2355 847 2380 et
874 2346 956 2379 vilia
977 2346 1083 2391 vulgo
1104 2346 1330 2379 haberentur.

871 2413 902 2432 2.
920 2399 1093 2431 Venturam
1107 2412 1198 2445 quum
1209 2413 1241 2431 se
1255 2399 1390 2439 scribit,
1403 2398 1485 2433 (lum

814 2453 897 2485 citat
914 2452 1034 2485 Heins.
1054 2451 1096 2485 ad
1122 2451 1226 2484 Ovid.
1242 2454 1283 2484 A.
1309 2453 1347 2484 Α.
1365 2453 1419 2490 II,
1437 2464 1489 2490 11;

815 2506 914 2551 lapsu
932 2505 1047 2538 forsan
1062 2505 1239 2537 memoriae
1253 2505 1371 2550 potius
1385 2517 1486 2550 quam

816 2557 988 2591 novandae
1006 2557 1164 2591 lectionis
1183 2565 1241 2590 aut
1262 2566 1490 2603 transponen-

818 2610 943 2645 dorum
963 2611 1148 2644 verborum
1170 2610 1326 2644 consilio.

1200 2681 1284 2726 11‘4
