<?xml version="1.0" encoding="UTF-8"?>
<!DOCTYPE html PUBLIC "-//W3C//DTD XHTML 1.0 Transitional//EN"
    "http://www.w3.org/TR/xhtml1/DTD/xhtml1-transitional.dtd">
<html xmlns="http://www.w3.org/1999/xhtml" xml:lang="en" lang="en">
 <head>
  <title>
</title>
<meta http-equiv="Content-Type" content="text/html;charset=utf-8" />
  <meta name='ocr-system' content='tesseract 3.04.00' />
  <meta name='ocr-capabilities' content='ocr_page ocr_carea ocr_par ocr_line ocrx_word'/>
</head>
<body>
  <div class='ocr_page' id='page_1' title='image "./epigrammata03martuoft/epigrammata03martuoft_0076.png"; bbox 0 0 2044 3292; ppageno 0'>
   <div class='ocr_carea' id='block_1_1' title="bbox 879 229 1546 272">
    <p class='ocr_par' dir='ltr' id='par_1_1' title="bbox 879 229 1546 272">
     <span class='ocr_line' id='line_1_1' title="bbox 879 229 1546 272; baseline -0.001 0"><span class='ocrx_word' id='word_1_1' title='bbox 879 229 941 272; x_wconf 88' lang='lat' dir='ltr'>M.</span> <span class='ocrx_word' id='word_1_2' title='bbox 967 229 1108 272; x_wconf 83' lang='lat' dir='ltr'>VAL.</span> <span class='ocrx_word' id='word_1_3' title='bbox 1148 229 1546 272; x_wconf 77' lang='lat' dir='ltr'><strong>MARTIALIS</strong></span> 
     </span>
    </p>
   </div>
   <div class='ocr_carea' id='block_1_2' title="bbox 711 315 1923 590">
    <p class='ocr_par' dir='ltr' id='par_1_2' title="bbox 712 315 1361 378">
     <span class='ocr_line' id='line_1_2' title="bbox 712 315 1361 378; baseline -0.002 -18"><span class='ocrx_word' id='word_1_4' title='bbox 712 316 831 360; x_wconf 86' lang='lat' dir='ltr'>Dirae</span> <span class='ocrx_word' id='word_1_5' title='bbox 860 315 975 361; x_wconf 91' lang='lat' dir='ltr'>filius</span> <span class='ocrx_word' id='word_1_6' title='bbox 1005 326 1070 361; x_wconf 90' lang='lat' dir='ltr'>est</span> <span class='ocrx_word' id='word_1_7' title='bbox 1099 317 1361 378; x_wconf 81' lang='lat' dir='ltr'>rapacitatis.</span> 
     </span>
    </p>

    <p class='ocr_par' dir='ltr' id='par_1_3' title="bbox 711 387 1604 448">
     <span class='ocr_line' id='line_1_3' title="bbox 711 387 1604 448; baseline 0 -17"><span class='ocrx_word' id='word_1_8' title='bbox 711 389 770 432; x_wconf 88' lang='lat' dir='ltr'>Et</span> <span class='ocrx_word' id='word_1_9' title='bbox 799 387 902 448; x_wconf 91' lang='lat' dir='ltr'>quid</span> <span class='ocrx_word' id='word_1_10' title='bbox 930 397 978 431; x_wconf 89' lang='lat' dir='ltr'>tu</span> <span class='ocrx_word' id='word_1_11' title='bbox 1006 387 1150 432; x_wconf 88' lang='lat' dir='ltr'>fatuos</span> <span class='ocrx_word' id='word_1_12' title='bbox 1179 387 1396 448; x_wconf 84' lang='lat' dir='ltr'>rudesque</span> <span class='ocrx_word' id='word_1_13' title='bbox 1424 389 1604 448; x_wconf 80' lang='lat' dir='ltr'>quaeris,</span> 
     </span>
    </p>

    <p class='ocr_par' dir='ltr' id='par_1_4' title="bbox 711 456 1612 519">
     <span class='ocr_line' id='line_1_4' title="bbox 711 456 1612 519; baseline -0.001 -18"><span class='ocrx_word' id='word_1_14' title='bbox 711 457 876 503; x_wconf 88' lang='lat' dir='ltr'>Illudas</span> <span class='ocrx_word' id='word_1_15' title='bbox 898 458 1058 519; x_wconf 89' lang='lat' dir='ltr'>quibus</span> <span class='ocrx_word' id='word_1_16' title='bbox 1073 492 1084 512; x_wconf 85' lang='lat'><strong>‚</strong></span> <span class='ocrx_word' id='word_1_17' title='bbox 1109 457 1367 519; x_wconf 84' lang='lat' dir='ltr'><strong>auferasque</strong></span> <span class='ocrx_word' id='word_1_18' title='bbox 1392 456 1612 502; x_wconf 72' lang='lat' dir='ltr'>mentem?</span> 
     </span>
    </p>

    <p class='ocr_par' dir='ltr' id='par_1_5' title="bbox 713 528 1923 590">
     <span class='ocr_line' id='line_1_5' title="bbox 713 528 1923 590; baseline -0.002 -18"><span class='ocrx_word' id='word_1_19' title='bbox 713 530 829 574; x_wconf 88' lang='lat' dir='ltr'>Huic</span> <span class='ocrx_word' id='word_1_20' title='bbox 859 545 1031 590; x_wconf 84' lang='lat' dir='ltr'>semper</span> <span class='ocrx_word' id='word_1_21' title='bbox 1062 530 1169 572; x_wconf 87' lang='lat' dir='ltr'>vitio</span> <span class='ocrx_word' id='word_1_22' title='bbox 1197 538 1322 589; x_wconf 86' lang='lat' dir='ltr'>pater</span> <span class='ocrx_word' id='word_1_23' title='bbox 1346 528 1474 573; x_wconf 88' lang='lat' dir='ltr'>fuisti.</span> <span class='ocrx_word' id='word_1_24' title='bbox 1894 555 1923 570; x_wconf 63' lang='lat'>2..</span> 
     </span>
    </p>
   </div>
   <div class='ocr_carea' id='block_1_3' title="bbox 504 648 1192 1281">
    <p class='ocr_par' dir='ltr' id='par_1_6' title="bbox 504 648 1187 1068">
     <span class='ocr_line' id='line_1_6' title="bbox 505 648 1184 685; baseline -0.004 -1"><span class='ocrx_word' id='word_1_25' title='bbox 505 659 540 684; x_wconf 88' lang='lat' dir='ltr'>et</span> <span class='ocrx_word' id='word_1_26' title='bbox 570 651 686 685; x_wconf 88' lang='lat' dir='ltr'>belle!</span> <span class='ocrx_word' id='word_1_27' title='bbox 715 651 776 683; x_wconf 83' lang='lat' dir='ltr'>lux</span> <span class='ocrx_word' id='word_1_28' title='bbox 807 663 826 683; x_wconf 90' lang='lat' dir='ltr'>e</span> <span class='ocrx_word' id='word_1_29' title='bbox 855 649 1009 683; x_wconf 88' lang='lat' dir='ltr'>tenebris</span> <span class='ocrx_word' id='word_1_30' title='bbox 1033 650 1040 681; x_wconf 87' lang='lat'>!</span> <span class='ocrx_word' id='word_1_31' title='bbox 1068 648 1184 681; x_wconf 86' lang='lat' dir='ltr'>Facile</span> 
     </span>
     <span class='ocr_line' id='line_1_7' title="bbox 504 699 1186 750; baseline -0.004 -12"><span class='ocrx_word' id='word_1_32' title='bbox 504 716 600 738; x_wconf 89' lang='lat' dir='ltr'>nunc</span> <span class='ocrx_word' id='word_1_33' title='bbox 632 704 752 750; x_wconf 86' lang='lat' dir='ltr'>priora</span> <span class='ocrx_word' id='word_1_34' title='bbox 791 703 964 736; x_wconf 72' lang='lat' dir='ltr'>restitues.</span> <span class='ocrx_word' id='word_1_35' title='bbox 1000 699 1186 736; x_wconf 81' lang='lat' dir='ltr'>Extulerat</span> 
     </span>
     <span class='ocr_line' id='line_1_8' title="bbox 505 755 1185 797; baseline -0.006 -6"><span class='ocrx_word' id='word_1_36' title='bbox 505 758 614 791; x_wconf 81' lang='lat' dir='ltr'>Poeta</span> <span class='ocrx_word' id='word_1_37' title='bbox 652 756 834 790; x_wconf 87' lang='lat' dir='ltr'>avaritiam</span> <span class='ocrx_word' id='word_1_38' title='bbox 872 755 1027 788; x_wconf 87' lang='lat' dir='ltr'>hominis</span> <span class='ocrx_word' id='word_1_39' title='bbox 1045 768 1055 797; x_wconf 83' lang='lat'>3</span> <span class='ocrx_word' id='word_1_40' title='bbox 1090 767 1185 788; x_wconf 91' lang='lat' dir='ltr'>nunc</span> 
     </span>
     <span class='ocr_line' id='line_1_9' title="bbox 506 809 1186 849; baseline -0.003 -6"><span class='ocrx_word' id='word_1_41' title='bbox 506 809 605 844; x_wconf 82' lang='lat' dir='ltr'>addit</span> <span class='ocrx_word' id='word_1_42' title='bbox 623 821 630 842; x_wconf 92' lang='lat'>:</span> <span class='ocrx_word' id='word_1_43' title='bbox 646 809 737 842; x_wconf 81' lang='lat' dir='ltr'>«Hac</span> <span class='ocrx_word' id='word_1_44' title='bbox 757 821 876 843; x_wconf 85' lang='lat' dir='ltr'>caussa</span> <span class='ocrx_word' id='word_1_45' title='bbox 888 834 896 849; x_wconf 96' lang='lat'><strong>‚</strong></span> <span class='ocrx_word' id='word_1_46' title='bbox 916 816 956 842; x_wconf 89' lang='lat' dir='ltr'>ut</span> <span class='ocrx_word' id='word_1_47' title='bbox 968 816 1186 849; x_wconf 80' lang='lat' dir='ltr'>memorant,</span> 
     </span>
     <span class='ocr_line' id='line_1_10' title="bbox 508 861 1185 908; baseline -0.004 -11"><span class='ocrx_word' id='word_1_48' title='bbox 508 872 542 897; x_wconf 91' lang='lat' dir='ltr'>et</span> <span class='ocrx_word' id='word_1_49' title='bbox 562 864 636 908; x_wconf 90' lang='lat' dir='ltr'>ipse</span> <span class='ocrx_word' id='word_1_50' title='bbox 655 864 783 908; x_wconf 83' lang='lat' dir='ltr'>jactas,</span> <span class='ocrx_word' id='word_1_51' title='bbox 805 861 899 895; x_wconf 84' lang='lat' dir='ltr'>Dirae</span> <span class='ocrx_word' id='word_1_52' title='bbox 916 861 1010 895; x_wconf 83' lang='lat' dir='ltr'>filius</span> <span class='ocrx_word' id='word_1_53' title='bbox 1030 873 1066 894; x_wconf 91' lang='lat' dir='ltr'>es</span> <span class='ocrx_word' id='word_1_54' title='bbox 1084 874 1185 907; x_wconf 85' lang='lat' dir='ltr'>rapa-</span> 
     </span>
     <span class='ocr_line' id='line_1_11' title="bbox 506 913 1186 955; baseline -0.003 -6"><span class='ocrx_word' id='word_1_55' title='bbox 506 916 631 950; x_wconf 86' lang='lat' dir='ltr'>citatis.</span> <span class='ocrx_word' id='word_1_56' title='bbox 648 932 662 945; x_wconf 72' lang='lat'>»</span> <span class='ocrx_word' id='word_1_57' title='bbox 673 915 801 950; x_wconf 84' lang='lat' dir='ltr'>—Sed</span> <span class='ocrx_word' id='word_1_58' title='bbox 812 928 942 955; x_wconf 82' lang='lat' dir='ltr'>caussa,</span> <span class='ocrx_word' id='word_1_59' title='bbox 959 923 1028 948; x_wconf 89' lang='lat' dir='ltr'>etc.</span> <span class='ocrx_word' id='word_1_60' title='bbox 1047 913 1116 948; x_wconf 90' lang='lat' dir='ltr'>Sed</span> <span class='ocrx_word' id='word_1_61' title='bbox 1131 927 1186 948; x_wconf 88' lang='lat' dir='ltr'>ar-</span> 
     </span>
     <span class='ocr_line' id='line_1_12' title="bbox 507 968 1187 1015; baseline -0.001 -13"><span class='ocrx_word' id='word_1_62' title='bbox 507 970 584 1015; x_wconf 85' lang='lat' dir='ltr'>guis</span> <span class='ocrx_word' id='word_1_63' title='bbox 607 968 720 1002; x_wconf 87' lang='lat' dir='ltr'>filium</span> <span class='ocrx_word' id='word_1_64' title='bbox 748 977 914 1014; x_wconf 83' lang='lat' dir='ltr'>tanquam</span> <span class='ocrx_word' id='word_1_65' title='bbox 938 980 1092 1002; x_wconf 78' lang='lat' dir='ltr'>caussam</span> <span class='ocrx_word' id='word_1_66' title='bbox 1119 976 1187 1001; x_wconf 85' lang='lat' dir='ltr'>tuae</span> 
     </span>
     <span class='ocr_line' id='line_1_13' title="bbox 507 1022 714 1068; baseline -0.005 -12"><span class='ocrx_word' id='word_1_67' title='bbox 507 1022 714 1068; x_wconf 80' lang='lat' dir='ltr'>rapacitatis.</span> 
     </span>
    </p>

    <p class='ocr_par' dir='ltr' id='par_1_7' title="bbox 510 1072 1192 1281">
     <span class='ocr_line' id='line_1_14' title="bbox 562 1072 1186 1121; baseline -0.003 -12"><span class='ocrx_word' id='word_1_68' title='bbox 562 1076 595 1109; x_wconf 91' lang='lat'>8.</span> <span class='ocrx_word' id='word_1_69' title='bbox 623 1076 668 1109; x_wconf 84' lang='lat' dir='ltr'>Ut</span> <span class='ocrx_word' id='word_1_70' title='bbox 696 1075 789 1121; x_wconf 82' lang='lat' dir='ltr'>quid,</span> <span class='ocrx_word' id='word_1_71' title='bbox 821 1074 1018 1108; x_wconf 88' lang='lat' dir='ltr'>Scriverius</span> <span class='ocrx_word' id='word_1_72' title='bbox 1050 1073 1086 1107; x_wconf 88' lang='lat' dir='ltr'>in</span> <span class='ocrx_word' id='word_1_73' title='bbox 1119 1072 1186 1107; x_wconf 87' lang='lat' dir='ltr'>Ed.</span> 
     </span>
     <span class='ocr_line' id='line_1_15' title="bbox 510 1127 1190 1174; baseline -0.006 -11"><span class='ocrx_word' id='word_1_74' title='bbox 510 1142 589 1163; x_wconf 86' lang='lat' dir='ltr'>ann.</span> <span class='ocrx_word' id='word_1_75' title='bbox 623 1128 735 1163; x_wconf 85' lang='lat'>1650.</span> <span class='ocrx_word' id='word_1_76' title='bbox 759 1129 827 1168; x_wconf 86' lang='lat' dir='ltr'>At,</span> <span class='ocrx_word' id='word_1_77' title='bbox 860 1128 938 1174; x_wconf 82' lang='lat' dir='ltr'>quid</span> <span class='ocrx_word' id='word_1_78' title='bbox 961 1127 1105 1172; x_wconf 84' lang='lat' dir='ltr'>conjicit</span> <span class='ocrx_word' id='word_1_79' title='bbox 1138 1127 1190 1159; x_wconf 86' lang='lat' dir='ltr'>De</span> 
     </span>
     <span class='ocr_line' id='line_1_16' title="bbox 510 1179 1192 1228; baseline -0.004 -12"><span class='ocrx_word' id='word_1_80' title='bbox 510 1183 612 1228; x_wconf 76' lang='lat' dir='ltr'>Rooy.</span> <span class='ocrx_word' id='word_1_81' title='bbox 625 1181 751 1215; x_wconf 81' lang='lat' dir='ltr'>Editor</span> <span class='ocrx_word' id='word_1_82' title='bbox 766 1181 893 1227; x_wconf 87' lang='lat' dir='ltr'>Delph.</span> <span class='ocrx_word' id='word_1_83' title='bbox 910 1179 1100 1226; x_wconf 86' lang='lat' dir='ltr'>legendum</span> <span class='ocrx_word' id='word_1_84' title='bbox 1114 1192 1192 1213; x_wconf 87' lang='lat' dir='ltr'>cen-</span> 
     </span>
     <span class='ocr_line' id='line_1_17' title="bbox 510 1234 1189 1281; baseline -0.006 -11"><span class='ocrx_word' id='word_1_85' title='bbox 510 1244 562 1270; x_wconf 91' lang='lat' dir='ltr'>set</span> <span class='ocrx_word' id='word_1_86' title='bbox 577 1235 724 1281; x_wconf 80' lang='lat' dir='ltr'>Ecquid,</span> <span class='ocrx_word' id='word_1_87' title='bbox 742 1243 782 1268; x_wconf 89' lang='lat' dir='ltr'>ut</span> <span class='ocrx_word' id='word_1_88' title='bbox 798 1234 859 1267; x_wconf 84' lang='lat' dir='ltr'>lib.</span> <span class='ocrx_word' id='word_1_89' title='bbox 877 1235 950 1275; x_wconf 92' lang='lat' dir='ltr'>XI,</span> <span class='ocrx_word' id='word_1_90' title='bbox 969 1234 1079 1280; x_wconf 85' lang='lat' dir='ltr'>epigr.</span> <span class='ocrx_word' id='word_1_91' title='bbox 1101 1245 1134 1275; x_wconf 90' lang='lat'>1,</span> <span class='ocrx_word' id='word_1_92' title='bbox 1154 1246 1189 1278; x_wconf 82' lang='lat'>7.</span> 
     </span>
    </p>
   </div>
   <div class='ocr_carea' id='block_1_4' title="bbox 1245 649 1932 1266">
    <p class='ocr_par' dir='ltr' id='par_1_8' title="bbox 1245 649 1927 906">
     <span class='ocr_line' id='line_1_18' title="bbox 1245 649 1922 694; baseline 0 -13"><span class='ocrx_word' id='word_1_93' title='bbox 1245 649 1354 681; x_wconf 79' lang='lat' dir='ltr'>—Et</span> <span class='ocrx_word' id='word_1_94' title='bbox 1367 649 1445 694; x_wconf 86' lang='lat' dir='ltr'>quid</span> <span class='ocrx_word' id='word_1_95' title='bbox 1462 650 1617 692; x_wconf 83' lang='lat' dir='ltr'>tufatuos</span> <span class='ocrx_word' id='word_1_96' title='bbox 1630 677 1639 690; x_wconf 87' lang='lat'><em>,</em></span> <span class='ocrx_word' id='word_1_97' title='bbox 1661 657 1726 682; x_wconf 88' lang='lat' dir='ltr'>etc.</span> <span class='ocrx_word' id='word_1_98' title='bbox 1747 649 1823 683; x_wconf 91' lang='lat' dir='ltr'>Hoc</span> <span class='ocrx_word' id='word_1_99' title='bbox 1847 656 1897 682; x_wconf 86' lang='lat' dir='ltr'>est</span> <span class='ocrx_word' id='word_1_100' title='bbox 1915 660 1922 681; x_wconf 91' lang='lat'>:</span> 
     </span>
     <span class='ocr_line' id='line_1_19' title="bbox 1245 702 1924 747; baseline 0.001 -13"><span class='ocrx_word' id='word_1_101' title='bbox 1245 702 1300 734; x_wconf 88' lang='lat' dir='ltr'>An</span> <span class='ocrx_word' id='word_1_102' title='bbox 1322 709 1424 747; x_wconf 79' lang='lat' dir='ltr'>putas</span> <span class='ocrx_word' id='word_1_103' title='bbox 1439 714 1503 735; x_wconf 90' lang='lat' dir='ltr'>nos</span> <span class='ocrx_word' id='word_1_104' title='bbox 1525 714 1598 736; x_wconf 85' lang='lat' dir='ltr'>esse</span> <span class='ocrx_word' id='word_1_105' title='bbox 1615 702 1816 744; x_wconf 84' lang='lat' dir='ltr'>dementes,</span> <span class='ocrx_word' id='word_1_106' title='bbox 1837 714 1924 747; x_wconf 88' lang='lat' dir='ltr'>quos</span> 
     </span>
     <span class='ocr_line' id='line_1_20' title="bbox 1246 754 1925 789; baseline 0.001 -2"><span class='ocrx_word' id='word_1_107' title='bbox 1246 754 1347 787; x_wconf 89' lang='lat' dir='ltr'>facile</span> <span class='ocrx_word' id='word_1_108' title='bbox 1377 754 1443 789; x_wconf 84' lang='lat' dir='ltr'>hac</span> <span class='ocrx_word' id='word_1_109' title='bbox 1476 756 1697 789; x_wconf 77' lang='lat' dir='ltr'>excusatione</span> <span class='ocrx_word' id='word_1_110' title='bbox 1721 768 1803 789; x_wconf 89' lang='lat' dir='ltr'>usus</span> <span class='ocrx_word' id='word_1_111' title='bbox 1830 754 1925 788; x_wconf 90' lang='lat' dir='ltr'>deci-</span> 
     </span>
     <span class='ocr_line' id='line_1_21' title="bbox 1245 807 1927 854; baseline -0.001 -13"><span class='ocrx_word' id='word_1_112' title='bbox 1245 807 1319 853; x_wconf 87' lang='lat' dir='ltr'>pias</span> <span class='ocrx_word' id='word_1_113' title='bbox 1337 833 1347 849; x_wconf 88' lang='lat'>,</span> <span class='ocrx_word' id='word_1_114' title='bbox 1382 816 1576 853; x_wconf 84' lang='lat' dir='ltr'>praetexens</span> <span class='ocrx_word' id='word_1_115' title='bbox 1608 820 1735 854; x_wconf 87' lang='lat' dir='ltr'>nempe</span> <span class='ocrx_word' id='word_1_116' title='bbox 1773 807 1826 842; x_wconf 87' lang='lat' dir='ltr'>tui</span> <span class='ocrx_word' id='word_1_117' title='bbox 1862 807 1927 840; x_wconf 89' lang='lat' dir='ltr'>filii</span> 
     </span>
     <span class='ocr_line' id='line_1_22' title="bbox 1245 860 1500 906; baseline 0.004 -13"><span class='ocrx_word' id='word_1_118' title='bbox 1245 860 1470 906; x_wconf 85' lang='lat' dir='ltr'>rapacitatem</span> <span class='ocrx_word' id='word_1_119' title='bbox 1485 861 1500 894; x_wconf 84' lang='lat'>?</span> 
     </span>
    </p>

    <p class='ocr_par' dir='ltr' id='par_1_9' title="bbox 1247 913 1932 1266">
     <span class='ocr_line' id='line_1_23' title="bbox 1304 913 1926 959; baseline -0.002 -12"><span class='ocrx_word' id='word_1_120' title='bbox 1304 926 1362 947; x_wconf 90' lang='lat'>10.</span> <span class='ocrx_word' id='word_1_121' title='bbox 1384 915 1471 947; x_wconf 82' lang='lat' dir='ltr'>Huic</span> <span class='ocrx_word' id='word_1_122' title='bbox 1496 927 1622 959; x_wconf 76' lang='lat' dir='ltr'>semper.</span> <span class='ocrx_word' id='word_1_123' title='bbox 1644 913 1736 946; x_wconf 90' lang='lat' dir='ltr'>Huic</span> <span class='ocrx_word' id='word_1_124' title='bbox 1762 921 1825 947; x_wconf 86' lang='lat' dir='ltr'>tuo</span> <span class='ocrx_word' id='word_1_125' title='bbox 1852 913 1926 946; x_wconf 89' lang='lat' dir='ltr'>filio</span> 
     </span>
     <span class='ocr_line' id='line_1_24' title="bbox 1247 967 1928 1001; baseline 0.001 -2"><span class='ocrx_word' id='word_1_126' title='bbox 1247 967 1366 1000; x_wconf 84' lang='lat' dir='ltr'>omnia</span> <span class='ocrx_word' id='word_1_127' title='bbox 1402 967 1594 1001; x_wconf 85' lang='lat' dir='ltr'>necessaria</span> <span class='ocrx_word' id='word_1_128' title='bbox 1628 979 1730 1000; x_wconf 73' lang='lat' dir='ltr'>avare</span> <span class='ocrx_word' id='word_1_129' title='bbox 1762 978 1928 1000; x_wconf 79' lang='lat' dir='ltr'>recusans</span> 
     </span>
     <span class='ocr_line' id='line_1_25' title="bbox 1248 1020 1928 1065; baseline 0 -12"><span class='ocrx_word' id='word_1_130' title='bbox 1248 1032 1367 1054; x_wconf 88' lang='lat' dir='ltr'>caussa</span> <span class='ocrx_word' id='word_1_131' title='bbox 1400 1020 1498 1053; x_wconf 82' lang='lat' dir='ltr'>fuisti</span> <span class='ocrx_word' id='word_1_132' title='bbox 1525 1020 1700 1053; x_wconf 80' lang='lat' dir='ltr'>latrocinii</span> <span class='ocrx_word' id='word_1_133' title='bbox 1728 1027 1763 1053; x_wconf 86' lang='lat' dir='ltr'>et</span> <span class='ocrx_word' id='word_1_134' title='bbox 1790 1020 1928 1065; x_wconf 85' lang='lat' dir='ltr'>rapaci·</span> 
     </span>
     <span class='ocr_line' id='line_1_26' title="bbox 1249 1073 1929 1119; baseline -0.001 -13"><span class='ocrx_word' id='word_1_135' title='bbox 1249 1073 1340 1106; x_wconf 83' lang='lat' dir='ltr'>tatis.</span> <span class='ocrx_word' id='word_1_136' title='bbox 1368 1074 1435 1106; x_wconf 85' lang='lat' dir='ltr'>Alii</span> <span class='ocrx_word' id='word_1_137' title='bbox 1469 1074 1518 1107; x_wconf 79' lang='lat' dir='ltr'>sic</span> <span class='ocrx_word' id='word_1_138' title='bbox 1546 1074 1826 1119; x_wconf 79' lang='lat' dir='ltr'>interpretantur</span> <span class='ocrx_word' id='word_1_139' title='bbox 1847 1073 1929 1106; x_wconf 91' lang='lat' dir='ltr'>:Tu</span> 
     </span>
     <span class='ocr_line' id='line_1_27' title="bbox 1251 1125 1932 1172; baseline -0.001 -13"><span class='ocrx_word' id='word_1_140' title='bbox 1251 1139 1389 1172; x_wconf 89' lang='lat' dir='ltr'>semper</span> <span class='ocrx_word' id='word_1_141' title='bbox 1422 1127 1519 1161; x_wconf 80' lang='lat' dir='ltr'>fuisti</span> <span class='ocrx_word' id='word_1_142' title='bbox 1552 1134 1652 1172; x_wconf 85' lang='lat' dir='ltr'>pater</span> <span class='ocrx_word' id='word_1_143' title='bbox 1688 1127 1795 1172; x_wconf 86' lang='lat' dir='ltr'>hujus</span> <span class='ocrx_word' id='word_1_144' title='bbox 1828 1125 1932 1167; x_wconf 86' lang='lat' dir='ltr'>vitii,</span> 
     </span>
     <span class='ocr_line' id='line_1_28' title="bbox 1251 1179 1932 1226; baseline -0.001 -14"><span class='ocrx_word' id='word_1_145' title='bbox 1251 1180 1404 1213; x_wconf 86' lang='lat' dir='ltr'>avaritiae</span> <span class='ocrx_word' id='word_1_146' title='bbox 1418 1180 1590 1213; x_wconf 84' lang='lat' dir='ltr'>nimirum</span> <span class='ocrx_word' id='word_1_147' title='bbox 1603 1188 1637 1214; x_wconf 89' lang='lat' dir='ltr'>et</span> <span class='ocrx_word' id='word_1_148' title='bbox 1647 1179 1856 1226; x_wconf 83' lang='lat' dir='ltr'>rapacitatis.</span> <span class='ocrx_word' id='word_1_149' title='bbox 1870 1179 1932 1211; x_wconf 88' lang='lat' dir='ltr'>Ju-</span> 
     </span>
     <span class='ocr_line' id='line_1_29' title="bbox 1252 1231 1485 1266; baseline 0 0"><span class='ocrx_word' id='word_1_150' title='bbox 1252 1231 1347 1266; x_wconf 88' lang='lat' dir='ltr'>dicet</span> <span class='ocrx_word' id='word_1_151' title='bbox 1364 1233 1485 1266; x_wconf 85' lang='lat' dir='ltr'>lector.</span> 
     </span>
    </p>
   </div>
   <div class='ocr_carea' id='block_1_5' title="bbox 1140 1363 1296 1418">
    <p class='ocr_par' dir='ltr' id='par_1_10' title="bbox 1140 1363 1296 1418">
     <span class='ocr_line' id='line_1_30' title="bbox 1140 1363 1296 1418; baseline 0.006 -1"><span class='ocrx_word' id='word_1_152' title='bbox 1140 1363 1296 1418; x_wconf 44' lang='lat'>1215&amp;</span> 
     </span>
    </p>
   </div>
   <div class='ocr_carea' id='block_1_6' title="bbox 1043 1476 1397 1526">
    <p class='ocr_par' dir='ltr' id='par_1_11' title="bbox 1043 1476 1397 1526">
     <span class='ocr_line' id='line_1_31' title="bbox 1043 1476 1397 1526; baseline 0 0"><span class='ocrx_word' id='word_1_153' title='bbox 1043 1498 1096 1526; x_wconf 82' lang='lat' dir='ltr'>IN</span> <span class='ocrx_word' id='word_1_154' title='bbox 1135 1497 1355 1526; x_wconf 66' lang='lat' dir='ltr'>zolrum.</span> <span class='ocrx_word' id='word_1_155' title='bbox 1377 1476 1397 1494; x_wconf 65' lang='lat'>&#39;⁶</span> 
     </span>
    </p>
   </div>
   <div class='ocr_carea' id='block_1_7' title="bbox 587 1604 1849 1738">
    <p class='ocr_par' dir='ltr' id='par_1_12' title="bbox 587 1604 1849 1738">
     <span class='ocr_line' id='line_1_32' title="bbox 587 1604 1849 1667; baseline -0.003 -15"><span class='ocrx_word' id='word_1_156' title='bbox 587 1609 738 1652; x_wconf 76' lang='lat' dir='ltr'><strong>CRINE</strong></span> <span class='ocrx_word' id='word_1_157' title='bbox 765 1606 917 1661; x_wconf 81' lang='lat' dir='ltr'>ruber,</span> <span class='ocrx_word' id='word_1_158' title='bbox 942 1607 1068 1667; x_wconf 81' lang='lat' dir='ltr'>niger</span> <span class='ocrx_word' id='word_1_159' title='bbox 1092 1622 1190 1659; x_wconf 82' lang='lat' dir='ltr'>ore,</span> <span class='ocrx_word' id='word_1_160' title='bbox 1212 1605 1356 1649; x_wconf 86' lang='lat' dir='ltr'>brevis</span> <span class='ocrx_word' id='word_1_161' title='bbox 1381 1604 1515 1666; x_wconf 82' lang='lat' dir='ltr'>pede,</span> <span class='ocrx_word' id='word_1_162' title='bbox 1536 1604 1700 1649; x_wconf 88' lang='lat' dir='ltr'>lumine</span> <span class='ocrx_word' id='word_1_163' title='bbox 1726 1604 1849 1650; x_wconf 81' lang='lat' dir='ltr'>laesus</span> 
     </span>
     <span class='ocr_line' id='line_1_33' title="bbox 658 1674 1716 1738; baseline -0.002 -17"><span class='ocrx_word' id='word_1_164' title='bbox 658 1679 770 1722; x_wconf 84' lang='lat' dir='ltr'>Rem</span> <span class='ocrx_word' id='word_1_165' title='bbox 797 1693 1003 1738; x_wconf 85' lang='lat' dir='ltr'>magnam</span> <span class='ocrx_word' id='word_1_166' title='bbox 1034 1686 1236 1737; x_wconf 75' lang='lat' dir='ltr'>praestas,</span> <span class='ocrx_word' id='word_1_167' title='bbox 1260 1674 1405 1732; x_wconf 77' lang='lat' dir='ltr'>Zoile‚</span> <span class='ocrx_word' id='word_1_168' title='bbox 1434 1677 1468 1720; x_wconf 91' lang='lat' dir='ltr'>si</span> <span class='ocrx_word' id='word_1_169' title='bbox 1494 1676 1636 1720; x_wconf 87' lang='lat' dir='ltr'>bonus</span> <span class='ocrx_word' id='word_1_170' title='bbox 1661 1692 1716 1720; x_wconf 87' lang='lat' dir='ltr'>es.</span> 
     </span>
    </p>
   </div>
   <div class='ocr_carea' id='block_1_8' title="bbox 521 1803 1207 2693">
    <p class='ocr_par' dir='ltr' id='par_1_13' title="bbox 521 1803 1203 2227">
     <span class='ocr_line' id='line_1_34' title="bbox 572 1803 1199 1842; baseline -0.006 0"><span class='ocrx_word' id='word_1_171' title='bbox 572 1803 587 1818; x_wconf 74' lang='lat'>⁴¹</span> <span class='ocrx_word' id='word_1_172' title='bbox 605 1808 735 1841; x_wconf 86' lang='lat' dir='ltr'>Vultus</span> <span class='ocrx_word' id='word_1_173' title='bbox 765 1815 816 1840; x_wconf 88' lang='lat' dir='ltr'>est</span> <span class='ocrx_word' id='word_1_174' title='bbox 846 1804 952 1840; x_wconf 88' lang='lat' dir='ltr'>index</span> <span class='ocrx_word' id='word_1_175' title='bbox 983 1805 1110 1839; x_wconf 85' lang='lat' dir='ltr'>mentis</span> <span class='ocrx_word' id='word_1_176' title='bbox 1125 1830 1132 1842; x_wconf 93' lang='lat'>‚</span> <span class='ocrx_word' id='word_1_177' title='bbox 1165 1814 1199 1838; x_wconf 83' lang='lat' dir='ltr'>et</span> 
     </span>
     <span class='ocr_line' id='line_1_35' title="bbox 521 1859 1198 1906; baseline -0.006 -11"><span class='ocrx_word' id='word_1_178' title='bbox 521 1862 731 1896; x_wconf 85' lang='lat' dir='ltr'>lineamenta</span> <span class='ocrx_word' id='word_1_179' title='bbox 767 1859 926 1906; x_wconf 86' lang='lat' dir='ltr'>corporis</span> <span class='ocrx_word' id='word_1_180' title='bbox 946 1885 956 1901; x_wconf 85' lang='lat'>‚</span> <span class='ocrx_word' id='word_1_181' title='bbox 996 1867 1198 1904; x_wconf 85' lang='lat' dir='ltr'>argumenta</span> 
     </span>
     <span class='ocr_line' id='line_1_36' title="bbox 525 1912 1200 1953; baseline -0.006 -5"><span class='ocrx_word' id='word_1_182' title='bbox 525 1915 644 1949; x_wconf 88' lang='lat' dir='ltr'>animi.</span> <span class='ocrx_word' id='word_1_183' title='bbox 667 1913 839 1948; x_wconf 86' lang='lat' dir='ltr'>Liberalis</span> <span class='ocrx_word' id='word_1_184' title='bbox 860 1921 895 1946; x_wconf 90' lang='lat' dir='ltr'>et</span> <span class='ocrx_word' id='word_1_185' title='bbox 911 1913 1059 1946; x_wconf 87' lang='lat' dir='ltr'>honesta</span> <span class='ocrx_word' id='word_1_186' title='bbox 1080 1912 1200 1953; x_wconf 77' lang='lat' dir='ltr'>facies,</span> 
     </span>
     <span class='ocr_line' id='line_1_37' title="bbox 521 1965 1200 2011; baseline -0.007 -9"><span class='ocrx_word' id='word_1_187' title='bbox 521 1968 701 2002; x_wconf 84' lang='lat' dir='ltr'>liberalem</span> <span class='ocrx_word' id='word_1_188' title='bbox 722 1976 756 2000; x_wconf 89' lang='lat' dir='ltr'>et</span> <span class='ocrx_word' id='word_1_189' title='bbox 780 1967 970 1999; x_wconf 87' lang='lat' dir='ltr'>honestum</span> <span class='ocrx_word' id='word_1_190' title='bbox 991 1965 1104 2011; x_wconf 87' lang='lat' dir='ltr'>arguit</span> <span class='ocrx_word' id='word_1_191' title='bbox 1126 1966 1200 1998; x_wconf 87' lang='lat' dir='ltr'>ani·</span> 
     </span>
     <span class='ocr_line' id='line_1_38' title="bbox 523 2019 1201 2066; baseline -0.007 -11"><span class='ocrx_word' id='word_1_192' title='bbox 523 2034 621 2055; x_wconf 88' lang='lat' dir='ltr'>mum</span> <span class='ocrx_word' id='word_1_193' title='bbox 639 2036 646 2060; x_wconf 83' lang='lat'>;</span> <span class='ocrx_word' id='word_1_194' title='bbox 664 2033 768 2066; x_wconf 86' lang='lat' dir='ltr'>prava</span> <span class='ocrx_word' id='word_1_195' title='bbox 779 2046 788 2061; x_wconf 83' lang='lat'>‚</span> <span class='ocrx_word' id='word_1_196' title='bbox 804 2032 966 2064; x_wconf 87' lang='lat' dir='ltr'>pravum.</span> <span class='ocrx_word' id='word_1_197' title='bbox 987 2019 1113 2052; x_wconf 87' lang='lat' dir='ltr'>Fronti</span> <span class='ocrx_word' id='word_1_198' title='bbox 1128 2030 1201 2051; x_wconf 86' lang='lat' dir='ltr'>ma-</span> 
     </span>
     <span class='ocr_line' id='line_1_39' title="bbox 525 2072 1202 2122; baseline -0.007 -14"><span class='ocrx_word' id='word_1_199' title='bbox 525 2088 592 2122; x_wconf 87' lang='lat' dir='ltr'>gna</span> <span class='ocrx_word' id='word_1_200' title='bbox 613 2073 700 2107; x_wconf 84' lang='lat' dir='ltr'>fides</span> <span class='ocrx_word' id='word_1_201' title='bbox 712 2099 720 2114; x_wconf 94' lang='lat'>‚</span> <span class='ocrx_word' id='word_1_202' title='bbox 740 2073 840 2106; x_wconf 86' lang='lat' dir='ltr'>aiunt</span> <span class='ocrx_word' id='word_1_203' title='bbox 857 2072 1182 2118; x_wconf 65' lang='lat' dir='ltr'>physiognomones</span> <span class='ocrx_word' id='word_1_204' title='bbox 1194 2097 1202 2112; x_wconf 84' lang='lat'><strong>‚</strong></span> 
     </span>
     <span class='ocr_line' id='line_1_40' title="bbox 525 2124 1203 2175; baseline -0.006 -14"><span class='ocrx_word' id='word_1_205' title='bbox 525 2127 854 2175; x_wconf 81' lang='lat' dir='ltr'>pronunciantque‚</span> <span class='ocrx_word' id='word_1_206' title='bbox 875 2124 1071 2159; x_wconf 87' lang='lat' dir='ltr'>cavendum</span> <span class='ocrx_word' id='word_1_207' title='bbox 1094 2125 1136 2157; x_wconf 86' lang='lat' dir='ltr'>ab</span> <span class='ocrx_word' id='word_1_208' title='bbox 1162 2124 1203 2157; x_wconf 71' lang='lat' dir='ltr'>iis.</span> 
     </span>
     <span class='ocr_line' id='line_1_41' title="bbox 526 2180 914 2227; baseline -0.008 -12"><span class='ocrx_word' id='word_1_209' title='bbox 526 2194 615 2227; x_wconf 90' lang='lat' dir='ltr'>quos</span> <span class='ocrx_word' id='word_1_210' title='bbox 636 2180 787 2226; x_wconf 82' lang='lat' dir='ltr'>signavit</span> <span class='ocrx_word' id='word_1_211' title='bbox 807 2180 914 2212; x_wconf 83' lang='lat' dir='ltr'>Deus.</span> 
     </span>
    </p>

    <p class='ocr_par' dir='ltr' id='par_1_14' title="bbox 527 2228 1207 2693">
     <span class='ocr_line' id='line_1_42' title="bbox 584 2228 1202 2278; baseline -0.008 -10"><span class='ocrx_word' id='word_1_212' title='bbox 584 2247 598 2268; x_wconf 93' lang='lat'>1</span> <span class='ocrx_word' id='word_1_213' title='bbox 610 2261 617 2268; x_wconf 93' lang='lat'>.</span> <span class='ocrx_word' id='word_1_214' title='bbox 629 2235 749 2268; x_wconf 76' lang='lat' dir='ltr'>Fronte</span> <span class='ocrx_word' id='word_1_215' title='bbox 763 2245 828 2278; x_wconf 90' lang='lat' dir='ltr'>pro</span> <span class='ocrx_word' id='word_1_216' title='bbox 842 2234 925 2264; x_wconf 79' lang='lat' dir='ltr'>crine</span> <span class='ocrx_word' id='word_1_217' title='bbox 939 2230 1083 2277; x_wconf 89' lang='lat' dir='ltr'>quidam</span> <span class='ocrx_word' id='word_1_218' title='bbox 1099 2228 1202 2264; x_wconf 87' lang='lat' dir='ltr'>codd.</span> 
     </span>
     <span class='ocr_line' id='line_1_43' title="bbox 527 2284 1204 2333; baseline -0.007 -12"><span class='ocrx_word' id='word_1_219' title='bbox 527 2286 603 2321; x_wconf 84' lang='lat' dir='ltr'>MS.</span> <span class='ocrx_word' id='word_1_220' title='bbox 615 2300 669 2333; x_wconf 87' lang='lat' dir='ltr'>ap.</span> <span class='ocrx_word' id='word_1_221' title='bbox 684 2284 890 2320; x_wconf 80' lang='lat' dir='ltr'>Beverland.</span> <span class='ocrx_word' id='word_1_222' title='bbox 901 2286 1019 2318; x_wconf 81' lang='lat' dir='ltr'>Luscus</span> <span class='ocrx_word' id='word_1_223' title='bbox 1031 2284 1204 2329; x_wconf 76' lang='lat' dir='ltr'>vulg.p1·o</span> 
     </span>
     <span class='ocr_line' id='line_1_44' title="bbox 528 2338 1203 2383; baseline -0.006 -9"><span class='ocrx_word' id='word_1_224' title='bbox 528 2340 796 2374; x_wconf 83' lang='lat' dir='ltr'>loesus.-—Crine</span> <span class='ocrx_word' id='word_1_225' title='bbox 812 2339 914 2372; x_wconf 84' lang='lat' dir='ltr'>ruber.</span> <span class='ocrx_word' id='word_1_226' title='bbox 931 2338 1007 2371; x_wconf 85' lang='lat' dir='ltr'>Hoc</span> <span class='ocrx_word' id='word_1_227' title='bbox 1020 2349 1157 2383; x_wconf 84' lang='lat' dir='ltr'>semper</span> <span class='ocrx_word' id='word_1_228' title='bbox 1169 2338 1203 2370; x_wconf 87' lang='lat' dir='ltr'>in</span> 
     </span>
     <span class='ocr_line' id='line_1_45' title="bbox 529 2391 1207 2440; baseline -0.006 -13"><span class='ocrx_word' id='word_1_229' title='bbox 529 2394 655 2427; x_wconf 85' lang='lat' dir='ltr'>malam</span> <span class='ocrx_word' id='word_1_230' title='bbox 670 2401 804 2440; x_wconf 86' lang='lat' dir='ltr'>partem</span> <span class='ocrx_word' id='word_1_231' title='bbox 824 2400 1019 2438; x_wconf 88' lang='lat' dir='ltr'>acceptum,</span> <span class='ocrx_word' id='word_1_232' title='bbox 1032 2399 1065 2424; x_wconf 87' lang='lat' dir='ltr'>et</span> <span class='ocrx_word' id='word_1_233' title='bbox 1078 2399 1116 2423; x_wconf 85' lang='lat' dir='ltr'>ut</span> <span class='ocrx_word' id='word_1_234' title='bbox 1131 2391 1207 2436; x_wconf 88' lang='lat' dir='ltr'>pul-</span> 
     </span>
     <span class='ocr_line' id='line_1_46' title="bbox 531 2443 1207 2488; baseline -0.007 -7"><span class='ocrx_word' id='word_1_235' title='bbox 531 2446 746 2488; x_wconf 85' lang='lat' dir='ltr'>chritudini,</span> <span class='ocrx_word' id='word_1_236' title='bbox 776 2446 823 2479; x_wconf 90' lang='lat' dir='ltr'>ita</span> <span class='ocrx_word' id='word_1_237' title='bbox 848 2445 950 2478; x_wconf 87' lang='lat' dir='ltr'>bonae</span> <span class='ocrx_word' id='word_1_238' title='bbox 983 2443 1095 2477; x_wconf 85' lang='lat' dir='ltr'>indoli</span> <span class='ocrx_word' id='word_1_239' title='bbox 1125 2457 1207 2477; x_wconf 85' lang='lat' dir='ltr'>con-</span> 
     </span>
     <span class='ocr_line' id='line_1_47' title="bbox 531 2497 1206 2544; baseline -0.007 -10"><span class='ocrx_word' id='word_1_240' title='bbox 531 2501 678 2534; x_wconf 78' lang='lat' dir='ltr'>trarium</span> <span class='ocrx_word' id='word_1_241' title='bbox 697 2500 822 2533; x_wconf 74' lang='lat' dir='ltr'>visum.</span> <span class='ocrx_word' id='word_1_242' title='bbox 839 2499 885 2532; x_wconf 86' lang='lat' dir='ltr'>Et</span> <span class='ocrx_word' id='word_1_243' title='bbox 904 2497 996 2544; x_wconf 87' lang='lat' dir='ltr'>apud</span> <span class='ocrx_word' id='word_1_244' title='bbox 1014 2510 1078 2531; x_wconf 86' lang='lat' dir='ltr'>nos</span> <span class='ocrx_word' id='word_1_245' title='bbox 1099 2497 1206 2530; x_wconf 82' lang='lat' dir='ltr'>hodie</span> 
     </span>
     <span class='ocr_line' id='line_1_48' title="bbox 533 2550 1207 2598; baseline -0.009 -10"><span class='ocrx_word' id='word_1_246' title='bbox 533 2563 642 2588; x_wconf 82' lang='lat' dir='ltr'>exstat</span> <span class='ocrx_word' id='word_1_247' title='bbox 660 2553 784 2587; x_wconf 87' lang='lat' dir='ltr'>tritum</span> <span class='ocrx_word' id='word_1_248' title='bbox 804 2551 1034 2598; x_wconf 64' lang='lat' dir='ltr'>proverbium</span> <span class='ocrx_word' id='word_1_249' title='bbox 1056 2563 1126 2596; x_wconf 90' lang='lat' dir='ltr'>quo</span> <span class='ocrx_word' id='word_1_250' title='bbox 1146 2550 1207 2583; x_wconf 84' lang='lat' dir='ltr'>im-</span> 
     </span>
     <span class='ocr_line' id='line_1_49' title="bbox 535 2605 1207 2652; baseline -0.007 -12"><span class='ocrx_word' id='word_1_251' title='bbox 535 2607 718 2652; x_wconf 79' lang='lat' dir='ltr'>probitatis</span> <span class='ocrx_word' id='word_1_252' title='bbox 727 2614 924 2652; x_wconf 86' lang='lat' dir='ltr'>arguuntur</span> <span class='ocrx_word' id='word_1_253' title='bbox 936 2605 996 2651; x_wconf 88' lang='lat' dir='ltr'>qui</span> <span class='ocrx_word' id='word_1_254' title='bbox 1007 2605 1137 2638; x_wconf 85' lang='lat' dir='ltr'>crinem</span> <span class='ocrx_word' id='word_1_255' title='bbox 1152 2616 1207 2636; x_wconf 88' lang='lat' dir='ltr'>ru-</span> 
     </span>
     <span class='ocr_line' id='line_1_50' title="bbox 533 2659 884 2693; baseline -0.006 0"><span class='ocrx_word' id='word_1_256' title='bbox 533 2660 634 2693; x_wconf 89' lang='lat' dir='ltr'>brum</span> <span class='ocrx_word' id='word_1_257' title='bbox 656 2659 797 2693; x_wconf 80' lang='lat' dir='ltr'>habent.</span> <span class='ocrx_word' id='word_1_258' title='bbox 818 2659 884 2692; x_wconf 83' lang='lat' dir='ltr'>En.</span> 
     </span>
    </p>
   </div>
   <div class='ocr_carea' id='block_1_9' title="bbox 1259 1803 1945 2701">
    <p class='ocr_par' dir='ltr' id='par_1_15' title="bbox 1259 1803 1945 2701">
     <span class='ocr_line' id='line_1_51' title="bbox 1315 1803 1937 1851; baseline 0 -13"><span class='ocrx_word' id='word_1_259' title='bbox 1315 1818 1347 1838; x_wconf 85' lang='lat'>2.</span> <span class='ocrx_word' id='word_1_260' title='bbox 1370 1805 1404 1837; x_wconf 93' lang='lat' dir='ltr'><em>Z</em></span> <span class='ocrx_word' id='word_1_261' title='bbox 1407 1805 1479 1838; x_wconf 77' lang='lat' dir='ltr'>olle.</span> <span class='ocrx_word' id='word_1_262' title='bbox 1500 1805 1552 1838; x_wconf 91' lang='lat' dir='ltr'>De</span> <span class='ocrx_word' id='word_1_263' title='bbox 1570 1817 1640 1851; x_wconf 92' lang='lat' dir='ltr'>quo</span> <span class='ocrx_word' id='word_1_264' title='bbox 1660 1804 1784 1851; x_wconf 81' lang='lat' dir='ltr'>saepius</span> <span class='ocrx_word' id='word_1_265' title='bbox 1803 1803 1937 1838; x_wconf 88' lang='lat' dir='ltr'>dictum</span> 
     </span>
     <span class='ocr_line' id='line_1_52' title="bbox 1259 1857 1937 1905; baseline -0.003 -13"><span class='ocrx_word' id='word_1_266' title='bbox 1259 1871 1363 1905; x_wconf 89' lang='lat' dir='ltr'>supra</span> <span class='ocrx_word' id='word_1_267' title='bbox 1380 1857 1423 1891; x_wconf 89' lang='lat' dir='ltr'>ad</span> <span class='ocrx_word' id='word_1_268' title='bbox 1435 1858 1495 1891; x_wconf 88' lang='lat' dir='ltr'>lib.</span> <span class='ocrx_word' id='word_1_269' title='bbox 1512 1859 1566 1899; x_wconf 92' lang='lat' dir='ltr'>II,</span> <span class='ocrx_word' id='word_1_270' title='bbox 1583 1858 1842 1904; x_wconf 84' lang='lat' dir='ltr'>epigrammatt.</span> <span class='ocrx_word' id='word_1_271' title='bbox 1859 1870 1918 1891; x_wconf 69' lang='lat' dir='ltr'>XVI</span> <span class='ocrx_word' id='word_1_272' title='bbox 1929 1884 1937 1897; x_wconf 85' lang='lat'>‚</span> 
     </span>
     <span class='ocr_line' id='line_1_53' title="bbox 1260 1911 1938 1954; baseline -0.001 -9"><span class='ocrx_word' id='word_1_273' title='bbox 1260 1925 1335 1953; x_wconf 70' lang='lat' dir='ltr'>nx,</span> <span class='ocrx_word' id='word_1_274' title='bbox 1364 1923 1459 1953; x_wconf 66' lang='lat' dir='ltr'>uu,</span> <span class='ocrx_word' id='word_1_275' title='bbox 1482 1923 1597 1954; x_wconf 74' lang='lat' dir='ltr'>Lvnl,</span> <span class='ocrx_word' id='word_1_276' title='bbox 1616 1923 1738 1953; x_wconf 74' lang='lat' dir='ltr'>Lxxn3</span> <span class='ocrx_word' id='word_1_277' title='bbox 1767 1911 1830 1945; x_wconf 92' lang='lat' dir='ltr'>lib.</span> <span class='ocrx_word' id='word_1_278' title='bbox 1862 1911 1938 1952; x_wconf 85' lang='grc' dir='ltr'>ΙΙΙ,</span> 
     </span>
     <span class='ocr_line' id='line_1_54' title="bbox 1261 1964 1937 2011; baseline -0.001 -13"><span class='ocrx_word' id='word_1_279' title='bbox 1261 1965 1370 2011; x_wconf 89' lang='lat' dir='ltr'>epigr.</span> <span class='ocrx_word' id='word_1_280' title='bbox 1385 1977 1466 1998; x_wconf 76' lang='lat' dir='ltr'>xxxx</span> <span class='ocrx_word' id='word_1_281' title='bbox 1484 1973 1518 1998; x_wconf 86' lang='lat' dir='ltr'>et</span> <span class='ocrx_word' id='word_1_282' title='bbox 1533 1977 1657 2006; x_wconf 62' lang='lat' dir='ltr'><strong>Lxxxu</strong></span> <span class='ocrx_word' id='word_1_283' title='bbox 1670 1965 1732 1998; x_wconf 89' lang='lat' dir='ltr'>lib.</span> <span class='ocrx_word' id='word_1_284' title='bbox 1746 1965 1812 2005; x_wconf 87' lang='lat' dir='ltr'>IV,</span> <span class='ocrx_word' id='word_1_285' title='bbox 1830 1964 1937 2010; x_wconf 84' lang='lat' dir='ltr'>epigr.</span> 
     </span>
     <span class='ocr_line' id='line_1_55' title="bbox 1264 2017 1939 2063; baseline -0.001 -12"><span class='ocrx_word' id='word_1_286' title='bbox 1264 2030 1389 2059; x_wconf 76' lang='lat' dir='ltr'>Lxxv1;</span> <span class='ocrx_word' id='word_1_287' title='bbox 1402 2018 1514 2059; x_wconf 79' lang='lat' dir='ltr'>lib.V‚</span> <span class='ocrx_word' id='word_1_288' title='bbox 1531 2017 1641 2063; x_wconf 86' lang='lat' dir='ltr'>epigr.</span> <span class='ocrx_word' id='word_1_289' title='bbox 1657 2030 1783 2060; x_wconf 80' lang='lat' dir='ltr'>Lxx1x3</span> <span class='ocrx_word' id='word_1_290' title='bbox 1799 2017 1918 2050; x_wconf 81' lang='lat' dir='ltr'>lib.VI</span> <span class='ocrx_word' id='word_1_291' title='bbox 1929 2041 1939 2055; x_wconf 85' lang='lat'><strong>‚</strong></span> 
     </span>
     <span class='ocr_line' id='line_1_56' title="bbox 1262 2071 1938 2116; baseline 0 -13"><span class='ocrx_word' id='word_1_292' title='bbox 1262 2071 1374 2116; x_wconf 87' lang='lat' dir='ltr'>epigr.</span> <span class='ocrx_word' id='word_1_293' title='bbox 1388 2083 1463 2112; x_wconf 79' lang='lat' dir='ltr'>x013</span> <span class='ocrx_word' id='word_1_294' title='bbox 1476 2071 1538 2104; x_wconf 91' lang='lat' dir='ltr'>lib.</span> <span class='ocrx_word' id='word_1_295' title='bbox 1555 2071 1626 2112; x_wconf 89' lang='lat' dir='ltr'>XI,</span> <span class='ocrx_word' id='word_1_296' title='bbox 1641 2071 1750 2116; x_wconf 86' lang='lat' dir='ltr'>epigr.</span> <span class='ocrx_word' id='word_1_297' title='bbox 1764 2083 1831 2104; x_wconf 78' lang='lat' dir='ltr'>xxx</span> <span class='ocrx_word' id='word_1_298' title='bbox 1843 2095 1853 2112; x_wconf 94' lang='lat'><strong>,</strong></span> <span class='ocrx_word' id='word_1_299' title='bbox 1866 2082 1938 2112; x_wconf 75' lang='lat' dir='ltr'>nv,</span> 
     </span>
     <span class='ocr_line' id='line_1_57' title="bbox 1264 2124 1938 2170; baseline -0.001 -14"><span class='ocrx_word' id='word_1_300' title='bbox 1264 2137 1389 2164; x_wconf 64' lang='lat' dir='ltr'>mxxv,</span> <span class='ocrx_word' id='word_1_301' title='bbox 1403 2136 1496 2166; x_wconf 46' lang='grc' dir='ltr'><strong>καῖ’,</strong></span> <span class='ocrx_word' id='word_1_302' title='bbox 1512 2132 1546 2157; x_wconf 92' lang='lat' dir='ltr'>et</span> <span class='ocrx_word' id='word_1_303' title='bbox 1559 2124 1621 2157; x_wconf 87' lang='lat' dir='ltr'>lib.</span> <span class='ocrx_word' id='word_1_304' title='bbox 1638 2125 1722 2165; x_wconf 92' lang='lat' dir='ltr'>XII,</span> <span class='ocrx_word' id='word_1_305' title='bbox 1735 2124 1938 2170; x_wconf 83' lang='lat' dir='ltr'>epigramm.</span> 
     </span>
     <span class='ocr_line' id='line_1_58' title="bbox 1266 2175 1941 2223; baseline 0 -13"><span class='ocrx_word' id='word_1_306' title='bbox 1266 2189 1335 2210; x_wconf 70' lang='lat' dir='ltr'>Liv.</span> <span class='ocrx_word' id='word_1_307' title='bbox 1358 2177 1495 2210; x_wconf 82' lang='lat' dir='ltr'>Nomen</span> <span class='ocrx_word' id='word_1_308' title='bbox 1522 2176 1612 2210; x_wconf 84' lang='lat' dir='ltr'>illud</span> <span class='ocrx_word' id='word_1_309' title='bbox 1638 2177 1871 2223; x_wconf 85' lang='lat' dir='ltr'>usurpabatur</span> <span class='ocrx_word' id='word_1_310' title='bbox 1897 2175 1941 2209; x_wconf 86' lang='lat' dir='ltr'>ad</span> 
     </span>
     <span class='ocr_line' id='line_1_59' title="bbox 1263 2229 1941 2276; baseline 0 -13"><span class='ocrx_word' id='word_1_311' title='bbox 1263 2229 1519 2276; x_wconf 84' lang='lat' dir='ltr'>designandum</span> <span class='ocrx_word' id='word_1_312' title='bbox 1541 2230 1666 2275; x_wconf 86' lang='lat' dir='ltr'>saepius</span> <span class='ocrx_word' id='word_1_313' title='bbox 1684 2229 1864 2271; x_wconf 86' lang='lat' dir='ltr'>invidum,</span> <span class='ocrx_word' id='word_1_314' title='bbox 1885 2242 1941 2263; x_wconf 77' lang='lat' dir='ltr'>sae.</span> 
     </span>
     <span class='ocr_line' id='line_1_60' title="bbox 1264 2282 1942 2329; baseline -0.003 -12"><span class='ocrx_word' id='word_1_315' title='bbox 1264 2296 1308 2328; x_wconf 88' lang='lat' dir='ltr'>pe</span> <span class='ocrx_word' id='word_1_316' title='bbox 1331 2296 1474 2329; x_wconf 88' lang='lat' dir='ltr'>quoque</span> <span class='ocrx_word' id='word_1_317' title='bbox 1489 2282 1597 2316; x_wconf 87' lang='lat' dir='ltr'>modo</span> <span class='ocrx_word' id='word_1_318' title='bbox 1617 2284 1818 2329; x_wconf 84' lang='lat' dir='ltr'>improbum</span> <span class='ocrx_word' id='word_1_319' title='bbox 1835 2290 1868 2316; x_wconf 87' lang='lat' dir='ltr'>et</span> <span class='ocrx_word' id='word_1_320' title='bbox 1888 2282 1942 2316; x_wconf 90' lang='lat' dir='ltr'>fu-</span> 
     </span>
     <span class='ocr_line' id='line_1_61' title="bbox 1264 2335 1945 2382; baseline -0.001 -13"><span class='ocrx_word' id='word_1_321' title='bbox 1264 2336 1435 2382; x_wconf 86' lang='lat' dir='ltr'>giendum</span> <span class='ocrx_word' id='word_1_322' title='bbox 1458 2337 1595 2376; x_wconf 74' lang='lat' dir='ltr'>virum,</span> <span class='ocrx_word' id='word_1_323' title='bbox 1620 2350 1698 2370; x_wconf 87' lang='lat' dir='ltr'>eum</span> <span class='ocrx_word' id='word_1_324' title='bbox 1718 2349 1792 2370; x_wconf 90' lang='lat' dir='ltr'>uno</span> <span class='ocrx_word' id='word_1_325' title='bbox 1813 2335 1923 2369; x_wconf 86' lang='lat' dir='ltr'>verbo</span> <span class='ocrx_word' id='word_1_326' title='bbox 1936 2361 1945 2376; x_wconf 94' lang='lat'>,</span> 
     </span>
     <span class='ocr_line' id='line_1_62' title="bbox 1266 2389 1942 2435; baseline -0.003 -11"><span class='ocrx_word' id='word_1_327' title='bbox 1266 2389 1311 2424; x_wconf 88' lang='lat' dir='ltr'>de</span> <span class='ocrx_word' id='word_1_328' title='bbox 1337 2402 1407 2435; x_wconf 89' lang='lat' dir='ltr'>quo</span> <span class='ocrx_word' id='word_1_329' title='bbox 1425 2391 1592 2423; x_wconf 83' lang='lat' dir='ltr'>Horatius</span> <span class='ocrx_word' id='word_1_330' title='bbox 1617 2390 1680 2423; x_wconf 91' lang='lat' dir='ltr'>lib.</span> <span class='ocrx_word' id='word_1_331' title='bbox 1699 2391 1735 2431; x_wconf 90' lang='grc' dir='ltr'>Ι,</span> <span class='ocrx_word' id='word_1_332' title='bbox 1764 2389 1867 2423; x_wconf 86' lang='lat' dir='ltr'>satira</span> <span class='ocrx_word' id='word_1_333' title='bbox 1895 2401 1942 2434; x_wconf 67' lang='lat' dir='ltr'>Iv-</span> 
     </span>
     <span class='ocr_line' id='line_1_63' title="bbox 1266 2443 1944 2488; baseline -0.001 -12"><span class='ocrx_word' id='word_1_334' title='bbox 1266 2456 1317 2477; x_wconf 79' lang='lat' dir='ltr'>vs.</span> <span class='ocrx_word' id='word_1_335' title='bbox 1340 2443 1384 2477; x_wconf 86' lang='lat'>85</span> <span class='ocrx_word' id='word_1_336' title='bbox 1407 2456 1415 2475; x_wconf 74' lang='grc' dir='ltr'><em>τ</em></span> <span class='ocrx_word' id='word_1_337' title='bbox 1446 2461 1458 2473; x_wconf 68' lang='grc' dir='ltr'>κ</span> <span class='ocrx_word' id='word_1_338' title='bbox 1480 2443 1537 2476; x_wconf 85' lang='lat' dir='ltr'>hic</span> <span class='ocrx_word' id='word_1_339' title='bbox 1559 2443 1659 2488; x_wconf 87' lang='lat' dir='ltr'>niger</span> <span class='ocrx_word' id='word_1_340' title='bbox 1683 2451 1752 2485; x_wconf 90' lang='lat' dir='ltr'>est;</span> <span class='ocrx_word' id='word_1_341' title='bbox 1772 2443 1868 2476; x_wconf 88' lang='lat' dir='ltr'>hunc</span> <span class='ocrx_word' id='word_1_342' title='bbox 1887 2450 1944 2482; x_wconf 81' lang='lat' dir='ltr'>tu,</span> 
     </span>
     <span class='ocr_line' id='line_1_64' title="bbox 1266 2497 1945 2535; baseline -0.006 -5"><span class='ocrx_word' id='word_1_343' title='bbox 1266 2498 1440 2535; x_wconf 86' lang='lat' dir='ltr'>Romane,</span> <span class='ocrx_word' id='word_1_344' title='bbox 1455 2504 1589 2529; x_wconf 83' lang='lat' dir='ltr'>caveto.</span> <span class='ocrx_word' id='word_1_345' title='bbox 1600 2497 1846 2530; x_wconf 82' lang='lat' dir='ltr'>»Lineamenta</span> <span class='ocrx_word' id='word_1_346' title='bbox 1862 2507 1945 2528; x_wconf 83' lang='lat' dir='ltr'>vero</span> 
     </span>
     <span class='ocr_line' id='line_1_65' title="bbox 1266 2548 1944 2596; baseline -0.003 -14"><span class='ocrx_word' id='word_1_347' title='bbox 1266 2549 1338 2583; x_wconf 83' lang='lat' dir='ltr'>sive</span> <span class='ocrx_word' id='word_1_348' title='bbox 1366 2550 1505 2589; x_wconf 86' lang='lat' dir='ltr'>vultus,</span> <span class='ocrx_word' id='word_1_349' title='bbox 1537 2550 1608 2583; x_wconf 82' lang='lat' dir='ltr'>sive</span> <span class='ocrx_word' id='word_1_350' title='bbox 1630 2548 1809 2596; x_wconf 85' lang='lat' dir='ltr'>corporis,</span> <span class='ocrx_word' id='word_1_351' title='bbox 1837 2548 1944 2582; x_wconf 87' lang='lat' dir='ltr'>animi</span> 
     </span>
     <span class='ocr_line' id='line_1_66' title="bbox 1268 2600 1944 2649; baseline -0.003 -14"><span class='ocrx_word' id='word_1_352' title='bbox 1268 2615 1340 2637; x_wconf 79' lang='lat' dir='ltr'>esse</span> <span class='ocrx_word' id='word_1_353' title='bbox 1368 2611 1571 2648; x_wconf 85' lang='lat' dir='ltr'>argumenta</span> <span class='ocrx_word' id='word_1_354' title='bbox 1599 2615 1703 2649; x_wconf 87' lang='lat' dir='ltr'>supra</span> <span class='ocrx_word' id='word_1_355' title='bbox 1720 2605 1790 2647; x_wconf 83' lang='lat' dir='ltr'>jam</span> <span class='ocrx_word' id='word_1_356' title='bbox 1813 2600 1944 2635; x_wconf 80' lang='lat' dir='ltr'>dictum</span> 
     </span>
     <span class='ocr_line' id='line_1_67' title="bbox 1269 2656 1496 2701; baseline 0 -13"><span class='ocrx_word' id='word_1_357' title='bbox 1269 2665 1349 2690; x_wconf 88' lang='lat' dir='ltr'>nota</span> <span class='ocrx_word' id='word_1_358' title='bbox 1371 2656 1496 2701; x_wconf 81' lang='lat' dir='ltr'>prima.</span> 
     </span>
    </p>
   </div>
  </div>
 </body>
</html>
