2044 3292
504 216 567 261 86
876 221 937 263 M.
965 221 1106 263 VAL.
1146 222 1539 266 MARTIALIS

1091 363 1324 422 XCIX.

1032 511 1103 537 An
1160 490 1394 538 BAET1M.*

577 613 723 655 BAETis
747 610 942 654 olivifera
971 612 1137 654 crinein
1166 611 1364 654 redimite
1390 628 1575 665 corona,

646 684 788 724 Aurea
812 682 886 741 qui
906 680 1051 724 nitidis
1075 680 1236 724 vellera
1257 682 1388 741 tingis
1409 683 1556 742 aquis3

575 754 719 807 Quem
739 753 936 795 Bromius
949 784 959 804 ‚
980 767 1111 811 quem
1132 750 1271 795 Pallas
1291 761 1428 806 amat3
1451 754 1521 796 cui
1543 762 1687 796 rector
1707 770 1917 815 aquarum

645 821 801 866 Albula
826 823 1081 882 navigerum
1105 838 1184 883 per
1204 822 1314 866 freta
1339 822 1491 883 pandit
1516 824 1616 866 iter:

579 892 812 937 Ominibus
836 892 941 936 laetis
965 902 1132 937 vestras
1157 894 1396 936 Instantius
1420 909 1518 937 oras

651 965 816 1018 Intret‘3
845 973 888 1007 et
919 964 988 1007 hic
1022 962 1223 1024 populis,
1249 973 1298 1007 ut
1323 964 1458 1024 prior,
1492 981 1630 1008 annus
1651 974 1731 1008 eat.

574 1036 674 1078 Non
704 1036 898 1096 ignorat,
928 1051 1038 1078 onus
1067 1034 1186 1095 quod
1216 1036 1291 1089 sit,
1314 1034 1546 1079 succedere
1573 1035 1741 1079 Macro.

646 1106 733 1162 Qui
767 1121 842 1149 sua
874 1107 1052 1148 metitur
1084 1105 1301 1165 pondera,
1334 1105 1445 1149 ferre
1477 1115 1630 1166 potest.

560 1224 572 1235 ¹
590 1227 798 1260 Instantiuni
820 1229 951 1260 Rufum
970 1229 1090 1260 Macro
1107 1241 1184 1260 suc-

507 1293 683 1313 cessurum
699 1281 735 1313 in
750 1281 932 1326 provincia
942 1281 1084 1321 Baetica,
1098 1282 1187 1314 exci-

511 1334 561 1378 pit
573 1334 737 1367 carmine.
759 1334 915 1375 Scilicet,
930 1335 1040 1368 fausta
1059 1334 1090 1366 ei
1106 1346 1184 1380 pre-

508 1396 606 1420 catur
622 1413 631 1426 „
663 1396 697 1420 et
734 1387 868 1421 civibus
904 1389 973 1421 suis
1011 1388 1185 1433 optimum

511 1441 686 1484 promittit
709 1448 984 1485 procuratorem.
999 1440 1064 1473 Eu.

568 1506 580 1526 1
591 1520 597 1525 .
611 1494 711 1526 Baetis
724 1495 877 1535 olivifera.
891 1493 994 1527 Vide.
1008 1494 1070 1528 lib.
1086 1494 1186 1534 VIII,

509 1547 617 1591 epigr.
640 1559 721 1579 xxxx
733 1559 788 1580 111.
817 1546 867 1580 Ad
893 1548 1013 1580 ssaemu
1038 1546 1187 1579 fluvium

508 1599 683 1645 Hispaniae
709 1608 789 1633 sunt
816 1600 933 1633 inultae
953 1602 1047 1633 oleae.
1069 1600 1186 1641 Quum

510 1662 622 1685 autem
643 1665 733 1698 saepe
754 1653 899 1686 flumina
926 1653 1018 1699 apud
1046 1654 1187 1686 Veteres

508 1707 662 1738 humano
703 1707 824 1740 habitu
870 1715 1166 1752 repraesententur
1180 1733 1188 1746 ,

510 1759 659 1792 Martiali
680 1760 812 1804 placuit
829 1760 949 1794 Baetirn
972 1761 1063 1793 oliva
1082 1757 1187 1793 deco·

508 1825 669 1858 rare,qua
681 1811 885 1846 ditabantur
895 1814 1003 1859 ipsius
1013 1814 1110 1858 ripae.
1120 1812 1185 1845 En.

567 1880 597 1898 2.
618 1867 726 1899 Aut-ea
751 1870 805 1912 qui
829 1869 943 1911 tingit,
964 1874 1029 1899 etc.
1053 1866 1188 1912 Saepius

509 1928 608 1964 poeta
619 1919 712 1952 lanas
722 1920 864 1953 Baeticas
877 1918 1087 1965 praedicavit.
1096 1918 1188 1952 Vislc

508 1973 660 2006 lih.Vlll
671 1999 679 2013 ,
693 1974 782 2018 epig.
796 1985 934 2006 xxxvnl
945 2000 953 2014 ‚
966 1986 1012 2005 vs.
1030 1976 1065 2014 6,
1079 1981 1112 2006 et
1123 1973 1185 2006 lii).

512 2026 609 2065 XIV,
631 2026 739 2071 epigr.
759 2038 851 2059 cmv.

565 2080 595 2111 3.
635 2080 734 2121 (luem
764 2080 922 2112 Βνυηιὶω.
950 2078 1028 2111 Illic
1060 2091 1187 2123 nempe·

510 2145 630 2177 magna
657 2141 706 2165 est
736 2133 807 2164 vini
843 2140 948 2177 atque
974 2132 1040 2164 olei
1070 2132 1182 2177 copia.

510 2185 629 2217 Unum
645 2187 704 2218 'est
727 2184 815 2218 illud
836 2198 854 2217 e
872 2185 1042 2219 sexcentis
1058 2185 1185 2218 Bacchi

510 2238 723 2271 nominibus.
754 2239 897 2271 Dictum
932 2246 982 2270 est
1018 2252 1037 2271 a
1073 2250 1184 2282 graeco

510 2290 643 2336 ἵρεμός,
664 2291 698 2324 h.
719 2305 747 2323 e.
775 2292 912 2337 fragor3
933 2291 1044 2336 qualis
1060 2291 1184 2332 fiebat,

509 2345 604 2378 verbi
619 2356 718 2377 causa
730 2369 737 2383 ,
758 2344 850 2378 inter
863 2344 1099 2377 Bacchanalia.
1116 2344 1182 2376 En.

451 2436 460 2440 -
507 2420 557 2424 --
579 2398 693 2429 Hector
713 2411 877 2442 aqum-am.
903 2398 1101 2443 Neptunus.

564 2455 595 2490 5⁸-
618 2450 739 2483 „llhala
753 2451 845 2493 freta
861 2465 872 2484 .·
890 2463 1014 2483 canum
1034 2450 1181 2496 quippe,

507 2517 563 2537 seu
589 2516 794 2549 spumosum.
817 2512 867 2537 est
892 2516 1006 2542 mare,
1033 2503 1181 2535 maxime

507 2557 564 2590 ubi
594 2568 629 2589 se
657 2557 694 2589 in
726 2556 817 2591 illud
851 2554 1041 2590 exonerant
1068 2555 1178 2588 fluvii.

562 2611 578 2643 5
588 2637 594 2643 .
607 2609 802 2644 [astantibus
809 2610 923 2644 Vatic.
935 2631 982 2635 —
997 2610 1176 2642 Instantius.

506 2662 830 2707 I)equ01i}›.t''11[,
846 2663 953 2708 epigr.
973 2674 1106 2703 1.xx111;
1121 2662 1177 2706 qui

1244 1228 1279 1260 in
1309 1227 1610 1261 administratione
1638 1228 1813 1273 Hispaniae
1843 1241 1921 1262 suc-

1245 1293 1401 1314 cessurus
1421 1289 1493 1320 erat
1510 1281 1653 1320 Macro,
1676 1281 1751 1313 viro
1771 1281 1919 1326 integer-

1245 1334 1334 1366 rimo
1348 1361 1356 1375 ,
1375 1333 1419 1367 de
1437 1346 1506 1379 quo
1525 1334 1584 1366 lib.
1603 1334 1657 1375 X,
1672 1346 1726 1379 ep.
1745 1346 1919 1367 Lxxxvul.

1245 1389 1321 1417 —l‘
1333 1396 1431 1419 ωτι-ιω·
1454 1400 1535 1420 orus.
1558 1385 1653 1428 Quid
1683 1387 1760 1420 vult
1789 1386 1856 1420 sibi
1884 1389 1919 1420 τὸ

1246 1449 1386 1480 imtras,
1412 1439 1509 1486 quod
1527 1439 1571 1473 de
1595 1440 1754 1485 pluribus
1773 1439 1919 1480 dicitur,

1246 1492 1331 1526 dum
1348 1494 1453 1527 Poeta
1470 1494 1594 1527 Baetim
1613 1494 1726 1527 solum
1744 1494 1813 1539 jam
1833 1493 1919 1526 allo-

1245 1555 1345 1580 cutus
1370 1546 1442 1579 sit?
1473 1547 1562 1588 Quia
1593 1546 1722 1580 scilicet
1746 1547 1782 1579 in
1805 1554 1921 1579 mente

1247 1612 1340 1633 nunc
1370 1600 1476 1632 habet
1503 1600 1594 1633 cives
1624 1612 1720 1641 suos,
1746 1599 1921 1644 Hispanos

1245 1654 1304 1698 qui
1328 1665 1439 1699 prope
1456 1653 1576 1686 Baetim
1597 1653 1767 1686 incolunt.
1791 1652 1919 1686 Forsan

1246 1707 1350 1739 etiam
1363 1707 1528 1751 cogitavit
1537 1706 1706 1739 Martialis
1715 1704 1758 1739 de
1765 1706 1920 1746 Bromio,

1246 1758 1403 1800 Pallade,
1420 1760 1585 1805 Neptuno
1607 1771 1698 1804 quos
1721 1758 1825 1792 modo
1844 1772 1920 1792 ora-

1247 1812 1307 1846 vit.
1326 1812 1374 1845 Ut
1388 1820 1425 1845 ut
1437 1813 1481 1846 sit
1497 1821 1612 1846 tamen
1624 1838 1632 1853 ,
1651 1812 1723 1845 haec
1739 1811 1782 1845 ad
1798 1813 1923 1846 severi·

1247 1873 1351 1899 tatem
1363 1865 1604 1900 Grammaticae
1616 1878 1688 1898 non
1701 1865 1787 1899 mihi
1801 1864 1921 1898 viden-

1247 1926 1304 1951 tur
1316 1927 1443 1953 exacta.
1455 1919 1526 1952 Nec
1537 1917 1735 1952 afferendus
1744 1928 1831 1952 esset
1841 1919 1920 1951 Vir-

1245 1972 1319 2016 gilii
1332 1973 1427 2005 locus
1447 1974 1529 2005 AEn.
1542 1972 1644 2010 VIII,
1660 1975 1705 2013 74
1716 2000 1725 2012 ,
1741 1972 1818 2005 «Tu
1829 1984 1898 2017 quc
1910 1997 1919 2011 ,

1247 2038 1267 2057 0
1277 2025 1566 2071 Tibri...accipite
1574 2027 1707 2058 AEnean
1717 2051 1725 2066 ,
1736 2032 1769 2058 et
1779 2024 1918 2058 tandem

1247 2086 1359 2112 arcete
1382 2078 1531 2124 periclis.
1552 2096 1564 2107 ι»
1584 2078 1684 2111 Prius
1700 2079 1792 2110 euim
1814 2078 1918 2111 Poeta

1246 2132 1489 2164 nominaverat
1525 2131 1575 2176 N)
1586 2131 1707 2176 uiphas
1726 2158 1735 2172 ,
1770 2144 1846 2177 quae
1883 2132 1918 2164 in

1246 2192 1381 2229 partem
1395 2184 1625 2217 invocationis
1639 2184 1794 2217 veniunt.
1816 2185 1883 2217 En.

1300 2241 1332 2270 (5.
1353 2238 1466 2270 Amnis
1481 2236 1558 2270 cod.
1575 2237 1708 2270 Beverl.

1299 2303 1332 2335 7.
1351 2290 1441 2324 Onus
1454 2291 1539 2337 quod
1551 2292 1605 2330 sit,
1621 2299 1684 2323 etc.
1700 2290 1815 2330 Quam
1829 2289 1919 2323 diffl-

1245 2344 1310 2376 cile
1330 2344 1394 2381 sit,
1418 2343 1503 2389 quid
1527 2351 1744 2388 exspectetur
1769 2343 1812 2375 ab
1836 2343 1916 2381 illo,

1245 2397 1306 2441 qui
1336 2405 1455 2430 sancto
1483 2405 1516 2430 et
1547 2397 1685 2441 integro
1719 2396 1919 2429 successerit

1243 2448 1381 2494 praesidi
1395 2475 1403 2489 ,
1418 2450 1555 2495 qualem
1571 2461 1606 2482 se
1621 2449 1723 2494 gessit
1735 2448 1863 2482 Macer.

1297 2504 1329 2537 8.
1360 2503 1426 2546 Qui
1447 2516 1503 2535 sua
1526 2504 1651 2534 metitur·
1671 2502 1826 2547 pondera,
1851 2509 1914 2535 etc.

1242 2555 1312 2596 Qui
1329 2555 1446 2588 habita
1464 2555 1590 2588 virium
1605 2567 1745 2588 suarum
1762 2553 1897 2588 ratione
1909 2580 1917 2594 ‚

1240 2607 1334 2641 sidet
1350 2621 1452 2653 quam
1472 2621 1575 2653 grave
1591 2609 1710 2641 subeat
1730 2620 1818 2641 onus
1831 2633 1840 2648 ,
1859 2607 1917 2640 ille

1241 2661 1330 2694 ferre
1348 2662 1485 2707 poterit.

2036 3222 2044 3292 -v-oe«
