2044 3292
526 179 587 225 32
910 181 971 224 M.
997 182 1139 225 VA-L.
1180 180 1585 245 MARTIALIS‘

1070 332 1396 389 XXXIII.

1061 484 1126 512 DE
1166 483 1419 512 LABIENO.

594 609 668 652 UT
698 623 859 669 pueros
884 617 1052 652 emeret
1079 607 1324 663 Labienus,
1355 606 1553 651 vendidit
1582 607 1760 653 hortos:

667 678 742 722 Nil
771 679 853 723 nisi
880 677 1061 723 ficetum
1088 694 1208 722 nunc
1237 678 1459 723 Labienus
1485 678 1632 723 habet.

582 831 613 852 1.
632 818 801 851 Labienus.
821 816 999 851 Libidinis
1017 820 1088 863 jain
1108 818 1208 864 argui
1267 817 1440 863 biguitate
1453 817 1598 863 reiificus
1612 831 1624 852 .·
1636 831 1745 864 quum
1761 817 1855 853 dicat
1869 846 1878 861 ‚
1891 820 1956 854 La-

523 872 721 906 notavimus
740 871 939 905 Labienum
962 871 1071 905 istum
1096 872 1205 917 epigr.
1266 872 1373 905 bieno
1391 884 1432 905 ex
1453 871 1565 905 hortis
1581 884 1763 918 superesse
1778 873 1955 911 consitum

526 938 585 958 XVI
611 938 688 971 sup.
709 926 807 971 cujus
839 924 929 958 illud
958 933 1010 958 est
1041 925 1184 958 initium
1196 951 1206 967 ‚
1266 925 1344 959 ficis
1374 937 1509 970 agrum.
1538 926 1711 971 Intelligit
1743 939 1873 972 pueros
1911 939 1954 961 ex

524 977 1205 1025 «Addixti,Labiene‚tresagellos».En.
1268 979 1425 1024 nequitia
1447 978 1596 1021 ficosos,
1614 988 1653 1013 ut
1674 980 1736 1013 lib.
1753 981 1819 1022 IV,
1840 980 1952 1026 epigr.

581 1045 613 1066 2.
629 1032 692 1067 Nil
707 1032 905 1078 nisificeturtz
917 1046 1020 1073 nunc,
1035 1041 1101 1066 etc.
1113 1031 1207 1065 Vide
1268 1044 1340 1074 LII,
1359 1041 1393 1065 et
1412 1032 1550 1065 lib.VII
1564 1057 1574 1074 ‚
1594 1033 1702 1079 epigr.
1719 1045 1826 1076 an,
1839 1042 1873 1067 et
1889 1034 1952 1067 lib.

524 1085 633 1132 epigr.
650 1098 711 1121 XVI
724 1111 733 1128 ‚
753 1099 871 1132 supra.
886 1086 995 1120 Jocus
1013 1094 1064 1119 est
1081 1086 1118 1119 in
1135 1098 1208 1119 am-
1268 1087 1286 1118 Ι
1297 1111 1307 1127 ,
1330 1085 1440 1132 epigr.
1457 1097 1552 1118 LxVI.

1088 1216 1377 1272 XXXIV.

849 1369 919 1398 AD
957 1369 1175 1398 JULIUM
1216 1348 1615 1399 ivrARTiALEM.*

693 1489 937 1533 TRIGINTA
958 1487 1067 1531 mihi
1093 1497 1370 1549 quatuorque
1394 1504 1558 1533 messes

692 1561 885 1613 Tecum,
915 1560 950 1603 si
977 1560 1183 1614 memini,
1216 1559 1337 1603 fuere
1357 1593 1368 1613 ,
1394 1558 1505 1604 Juli:

696 1631 900 1688 Quarum
926 1629 1071 1674 dulcia
1100 1632 1236 1674 mixta
1268 1640 1372 1675 sunt
1399 1631 1585 1686 amaris,

695 1702 781 1746 Sed
805 1701 1005 1762 jucunda
1029 1711 1178 1745 tamen
1208 1701 1331 1746 fuere
1358 1701 1500 1763 plura.

694 1775 753 1817 Et
780 1773 815 1817 si
840 1771 1034 1817 calculus
1065 1774 1205 1817 omnis
1230 1773 1318 1816 huc
1347 1782 1391 1817 et
1420 1771 1522 1816 illuc

693 1845 907 1889 Diversus
937 1843 1194 1905 bicolorque
1226 1844 1480 1905 digeratur,

693 1916 858 1960 Vincet
883 1915 1069 1959 candida
1094 1915 1223 1959 turba
1249 1916 1501 1976 nigriorem.

695 1987 741 2030 Si
766 1986 906 2030 vitare
933 1985 1042 2030 velis
1068 1986 1227 2030 acerba
1251 1986 1478 2046 quaedam,

694 2059 752 2101 Et
782 2059 927 2101 tristes
953 2058 1087 2101 animi
1116 2073 1273 2101 cavere
1303 2073 1497 2112 morsus,

573 2189 588 2203 *
604 2190 791 2224 Martialem
814 2189 985 2224 omittunt
1008 2189 1088 2224 edd.
1118 2198 1202 2224 vett.
1265 2190 1368 2223 fausti
1388 2189 1481 2231 dies,
1497 2189 1606 2235 nigris
1621 2202 1706 2223 vero
1727 2190 1870 2223 infausti
1882 2202 1947 2223 no-

522 2243 606 2278 Vid.
620 2244 681 2279 lib.
700 2244 771 2285 IX,
791 2243 902 2289 epigr.
918 2255 1045 2277 xcvin.
1068 2265 1121 2270 —-
1140 2243 1200 2276 Ni·
1265 2244 1430 2277 tabantur
1447 2254 1455 2275 ε
1473 2243 1534 2276 lib.
1558 2244 1647 2276 VIII
1661 2265 1671 2282 ‚
1691 2244 1802 2289 epigr.
1822 2256 1902 2277 XLV.

519 2298 633 2331 mium
649 2310 752 2331 usum
768 2297 991 2330 familiarium
1003 2323 1012 2338 ‚
1028 2297 1204 2330 molestias
1320 2300 1353 2330 6.
1382 2298 1572 2341 Digeratur.
1610 2296 1687 2329 Hoc
1718 2305 1769 2330 est
1784 2322 1793 2338 ‚
1828 2295 1947 2330 distri-

519 2364 638 2386 creare
653 2377 662 2392 ‚
688 2359 722 2384 et
753 2351 959 2396 perturbare
985 2350 1066 2384 vitae
1095 2351 1205 2384 beatae
1264 2350 1408 2390 buntur,
1432 2351 1470 2382 in
1489 2349 1580 2382 hanc
1598 2358 1737 2394 partem
1757 2349 1889 2383 seratur
1914 2357 1948 2383 et

519 2404 813 2450 tranquillitatem
834 2403 937 2438 docet
953 2404 1093 2437 Noster.
1265 2403 1301 2436 in
1324 2403 1430 2437 illam.
1582 2447 1584 2449 ‚

575 2470 604 2492 1.
628 2457 754 2491 Menses
776 2456 854 2492 cod.
887 2458 1024 2491 Beverl.
1046 2477 1098 2483 ——
1127 2458 1158 2490 T
1157 2459 1201 2489 ri·
1316 2469 1350 2501 7.
1373 2456 1593 2500 Nigricantem
1611 2455 1747 2490 Beverl.
1769 2456 1947 2489 —Vincet

519 2514 624 2557 ginta.
642 2511 780 2553 Quibus
793 2519 967 2545 manserat
983 2512 1105 2545 Romae
1119 2522 1127 2543 :
1139 2510 1201 2544 lib.
1261 2509 1411 2543 candida.
1428 2509 1550 2542 Plures
1568 2509 1853 2543 numerabuntur
1872 2508 1946 2542 dies

522 2566 571 2607 X,
593 2565 703 2610 epigr.
720 2577 797 2606 mv,
814 2577 865 2598 vs.
887 2578 943 2598 ιο.
1262 2562 1399 2604 felices,
1417 2574 1521 2608 quam
1540 2562 1666 2596 moesti·
1888 2557 1892 2559 i

577 2618 610 2651 5.
626 2619 660 2651 E
664 2625 677 2649 t
697 2620 725 2651 si
743 2619 892 2652 calculus.
908 2616 1102 2663 Lapidibus
1117 2617 1203 2651 albis
1318 2629 1353 2659 9.
1374 2616 1490 2650 Animi
1514 2628 1644 2651 morsus.
1671 2616 1747 2650 Hoc
1767 2622 1819 2650 est
1831 2640 1841 2656 ‚
1858 2627 1943 2648 moe-
