1901 3259
318 217 902 262 EPIGRAMMATUM
940 217 1064 259 LIB.
1105 216 1241 258 le.

1391 230 1485 258 21.)

568 366 993 423 LXXXVIII.

557 500 1010 550 GUSTATonlumf

146 648 403 691 FEMINEAM
428 648 553 691 nobis
580 648 766 691 cherson
796 649 830 691 si
856 647 995 691 credis
1021 648 1159 689 inesse
1180 681 1192 699 ,

213 718 439 778 Deciperis
464 735 471 760 :
503 717 642 779 pelagi
663 717 855 762 mascula
882 716 1028 778 praeda
1055 733 1216 760 sumus.

125 850 138 863 ³
158 854 387 889 Gustatorium.
410 855 528 889 Genus
549 864 601 889 est
623 868 751 889 mensae

71 919 148 952 quae
173 906 392 940 testudinum
422 908 662 953 putaminibus
691 920 749 941 ex-

72 961 272 993 ornabatur.
308 960 459 1001 Plinius,
488 960 549 993 lib.
574 961 647 1002 IX,
673 973 746 1006 cap.

76 1025 116 1045 11
154 1025 162 1045 t
195 1030 208 1042 u
225 1012 458 1045 Testudinum
488 1014 668 1058 putamina
697 1026 748 1047 se-

70 1077 147 1098 care
165 1065 201 1098 in
219 1065 363 1098 laminas
375 1091 383 1105 ‚
401 1065 577 1111 lectosque
595 1075 628 1099 et
644 1078 748 1111 repo-

71 1117 190 1151 sitoria
213 1118 268 1151 his
287 1118 414 1152 vestire
434 1118 611 1152 Corbilius
630 1119 744 1152 Pollio

69 1171 235 1210 instituit,
251 1170 391 1216 prodigi
403 1179 438 1205 et
450 1172 577 1216 sagacis
590 1170 634 1204 ad
647 1173 745 1204 luxu·

69 1224 130 1257 riae
144 1224 374 1258 instrumenta
390 1224 531 1270 ingenii.
553 1241 565 1254 η
585 1224 654 1257 Alii
668 1236 747 1258 cen-

70 1284 145 1310 sent
179 1281 389 1321 gustatorium
417 1289 488 1311 esse
525 1276 618 1311 idem
650 1277 745 1323 quod

69 1329 339 1375 repositorium,
374 1329 417 1364 de
453 1343 523 1376 quo
557 1330 745 1363 Petronius

811 856 877 888 ait:
891 856 1032 896 «Quum
1047 855 1163 887 subito
1174 854 1310 898 signum
1323 853 1491 899 sympho-

809 908 866 940 nia
892 906 1013 947 datur,
1036 915 1070 940 et
1097 907 1286 952 gustatoria
1311 906 1442 951 pariter
1472 919 1488 938 a

810 961 919 994 choro
939 960 1139 1003 rapiuntur.
1159 959 1348 1003 ›a—Eligat
1364 959 1484 992 lector.

809 1013 952 1046 Praestat
970 1020 1086 1046 tamen
1107 1012 1204 1057 prior
1224 1024 1354 1046 sensus.

867 1077 896 1098 1.
929 1065 1110 1099 Femineam
1141 1065 1278 1097 cherson.
1311 1064 1386 1096 Hoc
1415 1072 1464 1095 est
1486 1090 1493 1103 ,

806 1117 1019 1151 testudinem
1044 1118 1233 1150 femineam
1263 1124 1460 1150 terrestrem
1478 1142 1486 1153 ,

805 1183 882 1216 quae
910 1170 1070 1204 masculis
1099 1179 1132 1203 et
1163 1169 1307 1203 marinis
1338 1169 1486 1201 inferior

805 1224 1009 1257 habebatur.
1025 1223 1080 1257 Sic
1099 1224 1295 1268 loquuntur
1317 1222 1482 1256 Gustato-

805 1278 877 1317 ria3
895 1278 1012 1322 sicque
1031 1276 1231 1322 intelligunt
1247 1288 1366 1309 omnes
1382 1275 1485 1308 inter-2

806 1338 930 1375 pretes.

594 1466 965 1523 LXXXIX.

558 1620 734 1650 MENSx
774 1621 989 1650 CITREA.

137 1749 309 1792 AcciPE
335 1746 505 1799 felices,
536 1746 750 1790 Atlantica
784 1762 989 1799 munera,
1014 1745 1182 1806 sylvas;

207 1819 350 1860 Aurea
376 1818 448 1877 qui
474 1817 640 1860 dederit
661 1817 796 1868 dona,
830 1819 998 1860 minora
1030 1815 1160 1860 dabit.

134 1952 337 2017 Εὐδαῖμον
366 1953 558 2018 δώρημα,
582 1959 739 2016 κίτρους
763 1951 1017 2007 Ᾰτλαντίδος
1044 1959 1161 2009 ὕλης,

208 2025 415 2087 Λάμὲανε·
448 2024 560 2089 δῶρα
584 2026 721 2072 λαέὼν
751 2030 898 2088 χρύσε’,
926 2028 1097 2070 ἔλαττον
1126 2027 1242 2085 ἔχοις.

125 2178 138 2199 1
148 2193 157 2199 .
167 2167 287 2211 Accipe
294 2167 414 2209 felices.
428 2166 585 2200 Mensam
598 2167 741 2200 citream

68 2220 298 2264 interpretare
318 2232 359 2252 ex
385 2220 544 2260 Atlante,
572 2220 740 2253 Maurita-

67 2272 134 2305 niae
148 2279 279 2305 monte.
292 2271 376 2305 Vid.
396 2272 458 2306 lib.
481 2273 517 2306 II
529 2299 538 2315 ,
555 2285 610 2318 ep.
634 2285 738 2306 xum.

68 2324 250 2358 Petronius
278 2325 348 2359 Sat.
379 2325 495 2359 «Ecce
520 2326 614 2360 Afris
644 2334 742 2359 eruta

68 2377 168 2410 terris
187 2377 305 2411 Citrea
323 2391 453 2412 mensa.
472 2396 483 2408 υ

123 2443 155 2463 2.
172 2430 282 2463 Aurea
298 2433 351 2477 qui
369 2431 497 2465 dederit.
520 2433 571 2465 Ita
591 2433 684 2474 fere,
704 2440 741 2465 ut

67 2483 267 2516 boletorum
292 2484 530 2517 excellentiam
557 2484 739 2530 praedicat,

67 2535 126 2568 lib.
150 2536 257 2576 XIII,
277 2536 386 2581 epigr.
414 2548 528 2570 vam
547 2549 554 2569 z
573 2555 586 2567 n
606 2539 740 2583 Argen-

66 2597 142 2622 tum
174 2597 278 2634 atque
310 2601 434 2623 aurum
466 2590 566 2623 facile
602 2599 651 2624 cst
683 2592 738 2625 lae-

802 2178 992 2211 namque..,
1006 2165 1169 2206 Mittere;
1187 2165 1326 2198 boletos
1341 2164 1450 2196 mittes
1461 2177 1478 2195 e

801 2218 944 2253 difficile
967 2226 1029 2252 est.
1050 2237 1062 2248 »
1082 2219 1133 2251 Re
1155 2218 1248 2251 enim
1270 2229 1351 2250 vera
1374 2217 1478 2249 maxi—

801 2273 849 2305 mi
883 2272 1115 2306 aestimabatur
1150 2272 1270 2304 Romae
1305 2268 1475 2314 quidquid

803 2338 821 2357 e
838 2325 946 2367 citro,
967 2324 1229 2371 praesertimque
1250 2336 1268 2356 e
1287 2322 1365 2356 citri
1386 2320 1476 2355 radi-

801 2379 899 2412 cibus
926 2379 1168 2424 effingehatur.
1191 2374 1386 2409 Duodecim
1406 2375 1479 2407 mil-

801 2432 893 2470 libus
921 2440 954 2465 et
984 2431 1182 2477 quingentis
1207 2428 1415 2474 philippeis,
1437 2435 1477 2460 ut

801 2485 919 2525 aiunt,
940 2485 1080 2517 citream
1112 2493 1267 2515 mensam
1293 2493 1396 2513 unam
1416 2480 1475 2513 Ci-

801 2550 880 2572 cero
909 2537 1011 2578 emit,
1041 2536 1180 2569 Asinius
1209 2533 1319 2566 Pollio
1352 2533 1476 2578 viginti

801 2591 955 2624 millibus
970 2616 979 2631 ‚
997 2588 1139 2634 quidam
1155 2587 1275 2633 pluris.

1184 2710 1270 2765 14³
