2044 3292
507 225 606 253 220

886 212 950 253 M.
974 213 1543 257 VAL.MART1ALIS

1092 363 1324 420 XCVI.

956 519 1183 550 cALicEs
1222 500 1463 549 vulnus*

571 640 710 684 V1L1A
741 641 900 684 sutoris
926 640 1105 685 calicem
1138 651 1423 686 monumenta
1453 641 1604 685 Vatini

643 710 831 771 Accipe:
860 710 934 755 sed
960 726 1090 756 nasus
1114 711 1284 773 longior
1306 711 1377 756 ille
1402 711 1496 756 fuit.

556 844 571 857 ”
586 848 700 882 Vatini
711 851 823 883 calices
839 850 971 884 habent
993 849 1074 884 edd.
1096 859 1180 884 vett.

560 914 591 935 1.
612 900 735 935 Calices
751 916 762 936 .·
776 902 848 937 vid.
865 904 952 937 Var.
966 903 1181 937 Not.-Ca-

503 955 602 987 licem.
633 955 705 996 Qui
731 955 882 990 habebat
909 965 1059 1002 quatuor
1087 968 1182 989 ansas

504 1019 564 1041 seu
579 1009 785 1044 nais'osJuv.
802 1009 922 1051 Sat.V,
937 1012 981 1050 46
996 1021 1004 1043 :
1021 1010 1099 1042 «Tu
1116 1010 1182 1042 Be·

502 1061 692 1094 neventani
707 1062 834 1096 sutoris
851 1075 981 1096 nomen
995 1063 1182 1096 habentem

503 1112 657 1147 siccabis
672 1114 817 1148 calicem
828 1127 994 1149 nasorum
1011 1123 1182 1161 quatuor,

502 1175 569 1200 etc.
591 1183 604 1196 »ι
636 1167 796 1214 Namque
820 1181 949 1202 nomen
979 1168 1134 1201 habuere
1164 1180 1183 1201 a

503 1219 650 1252 Vatinio
668 1228 786 1254 sutore
804 1222 1066 1263 Beneventano,
1085 1223 1183 1267 cujus

503 1272 689 1306 inventum
705 1273 803 1307 fuere
815 1287 824 1316 3
837 1274 891 1307 vel
906 1271 957 1314 (ut
970 1274 1027 1307 alii
1043 1267 1182 1316 volunt)

505 1324 549 1358 ad
569 1327 666 1371 cujus
683 1326 914 1371 prominentis
929 1327 1001 1360 nasi
1018 1326 1182 1360 similitu-

504 1377 623 1411 dinem
643 1377 900 1424 effingebantur
916 1379 972 1413 isti
990 1379 1111 1413 calices
1131 1379 1183 1412 vi-

504 1432 590 1473 trei,
617 1440 770 1477 quatuor
794 1445 899 1466 nasos
923 1433 1102 1466 habentes.
1130 1434 1183 1465 An

503 1484 620 1530 itaque
641 1485 848 1530 simpliciter
874 1484 980 1526 dicit,
1000 1486 1181 1519 Vatinium

504 1537 665 1571 habuisse
682 1539 877 1584 longiorem
898 1538 1046 1572 nasum?
1065 1551 1107 1571 an
1129 1538 1182 1571 in·

503 1590 607 1635 genio
629 1590 734 1625 fnisse
755 1591 902 1634 acriori,
926 1590 1023 1637 quod
1044 1591 1108 1624 hos
1129 1592 1182 1624 in·-

504 1643 664 1677 venerit?
682 1657 724 1678 an
741 1643 933 1678 derisorem
952 1643 1110 1678 deridet?
1127 1646 1180 1678 An

1242 850 1418 896 denique,
1452 849 1549 896 quod
1574 862 1674 895 sagax
1696 850 1765 883 fuit
1801 850 1919 896 inqui-

1241 903 1328 937 sitor
1350 902 1646 949 criminatorque‚
1667 910 1852 949 postquam
1876 903 1919 936 ad

1242 964 1354 990 tantas
1374 968 1460 1001 opes
1479 956 1713 1001 pervenisset,
1734 963 1776 989 ut
1794 969 1920 989 munus

1242 1008 1385 1043 ederet?
1401 1009 1579 1054 xiphilin.
1605 1010 1641 1042 in
1668 1009 1819 1042 Nerone.
1842 1008 1918 1042 Lib.

1242 1063 1296 1103 X,
1325 1061 1528 1108 epigramm.
1560 1073 1606 1095 111
1634 1073 1642 1094 :
1674 1061 1920 1095 «Vatiniorum

1242 1123 1435 1160 proxeneta
1455 1115 1653 1148 fractorum.
1672 1131 1685 1144 n
1700 1114 1842 1148 Tacitus
1858 1114 1918 1147 lib.

1243 1168 1312 1200 XV
1343 1180 1351 1201 ε
1390 1167 1576 1201 «Vatinius
1610 1167 1704 1200 inter
1734 1166 1921 1200 foedissima

1242 1222 1315 1266 ejus
1336 1220 1423 1254 aulae
1442 1215 1610 1266 (supple,
1630 1214 1807 1263 Neronis)
1833 1220 1921 1261 suit,

1243 1273 1385 1307 sutrinae
1403 1274 1556 1307 tabernae
1575 1272 1757 1314 alumnus,
1775 1285 1922 1317 corpore

1242 1325 1401 1368 detorto,
1422 1326 1554 1359 facetiis
1571 1325 1796 1367 scurrilibus,
1818 1334 1884 1359 etc.
1903 1342 1916 1355 u

1245 1379 1377 1413 Calices
1401 1379 1534 1413 Vatinii
1571 1378 1656 1412 dicti
1695 1386 1793 1414 sunt,
1825 1377 1921 1423 quod

1244 1433 1361 1465 nasuti
1390 1441 1515 1474 essent,
1538 1440 1578 1465 ut
1605 1431 1663 1464 ille
1680 1430 1860 1465 Vatinius.
1881 1452 1916 1458 -

1244 1485 1445 1519 Postremus
1459 1485 1519 1519 hic
1537 1497 1656 1518 sensus
1670 1484 1772 1517 unice
1787 1484 1918 1521 honus,

1243 1550 1369 1584 nempe
1401 1538 1582 1571 Vatinium
1609 1537 1714 1570 fuisse
1743 1549 1856 1570 acrem
1888 1545 1921 1569 et

1243 1603 1397 1637 sagacem
1417 1591 1714 1624 calumniatorem.

1301 1659 1330 1677 2.
1346 1645 1417 1689 Ipse
1433 1643 1619 1689 legendum
1636 1651 1752 1677 censet
1768 1643 1806 1675 tle
1820 1643 1922 1675 Roov‘.

1077 1781 1351 1839 XCVII.

885 1937 1089 1966 LANCES
1128 1937 1539 1967 CHRYSENDETAE.

577 2070 806 2112 GnAiva
836 2084 890 2112 ne
922 2068 1038 2112 viola
1065 2084 1202 2129 parvo
1227 2068 1514 2129 chrysendeta
1542 2066 1704 2115 mullo;

636 2139 710 2181 Ut
735 2139 989 2194 minimum,
1015 2138 1145 2183 libras
1176 2138 1305 2183 debet
1335 2139 1497 2183 habere
1524 2138 1646 2182 duas.

579 2281 652 2329 Μὴ
680 2280 839 2342 μεγάλα
866 2282 1040 2341 χραίνοις
1066 2281 1193 2341 τυτθῇ
1221 2274 1468 2341 χρυσένδετα
1498 2279 1657 2340 τρίγλῃ·

607 2345 614 2354 ’
650 2341 686 2394 H
711 2345 758 2394 δὲ
784 2345 962 2411 δίλιτρος
984 2353 1114 2410 ὅμως,
1138 2356 1189 2402 ὡς
1211 2351 1424 2410 ἐλάχιςον,
1449 2351 1520 2392 ἔοι.

569 2510 581 2530 1
591 2525 597 2530 .
609 2496 714 2530 Mulso
724 2495 807 2530 edd.
818 2504 902 2530 vett.
916 2513 929 2526 u
937 2496 1041 2529 Forte
1052 2495 1167 2528 mullo»
1176 2522 1185 2537 ‚

482 2547 494 2556 ⁴
510 2551 718 2596 impressum
740 2550 843 2583 habet
866 2561 973 2594 marg.
997 2547 1051 2582 ed.
1076 2549 1185 2582 Paris.

514 2616 525 2637 1
537 2606 557 2635 6
568 2615 579 2635 1
590 2615 622 2647 7.
638 2624 688 2629 —-
702 2602 928 2648 Clu-flendam.
943 2603 1075 2635 Lances
1088 2610 1185 2634 erant

510 2655 622 2690 aurcis
641 2655 768 2689 crustis
784 2663 976 2696 exornatze,
996 2653 1040 2688 dc
1058 2654 1187 2700 quibus

510 2710 575 2743 lib.
602 2709 655 2750 ΙΙ,
673 2721 726 2753 ep.
748 2721 839 2742 x1.111
859 2720 865 2741 :
889 2726 901 2738 n
919 2706 1104 2741 lmmodici
1126 2707 1186 2741 tibi

1248 2494 1332 2528 ssava
1346 2503 1466 2540 tegunt
1479 2492 1711 2540 chrysendeta
1724 2493 1835 2526 mulli.
1851 2509 1863 2522 υ
1883 2493 1922 2525 In

1247 2547 1407 2593 pretiosis
1425 2548 1587 2581 lancibus
1600 2559 1672 2580 non
1685 2547 1751 2579 nisi
1768 2546 1926 2591 ingentes

1251 2600 1361 2646 pisces
1378 2599 1573 2646 reponendi
1593 2607 1688 2633 sunt.

1304 2667 1334 2686 τι.
1362 2654 1459 2686 Dicat
1483 2666 1546 2698 pro
1571 2653 1661 2685 dehet
1684 2650 1760 2684 cod.
1787 2651 1861 2683 MS.
1887 2650 1923 2682 in

1251 2719 1356 2752 marg.
1374 2706 1427 2739 ed.
1449 2706 1554 2739 Paris.
1580 2708 1685 2748 1617.
