1901 3259
317 222 901 266 EPIGRAMMATUM
938 222 1064 265 LIB.
1104 221 1222 263 XII.

1413 219 1478 280 69

211 308 370 370 Accipe
402 309 455 353 de
485 310 601 354 circo
631 308 789 371 pocula
814 308 1038 353 Flaminio.

142 380 198 422 Hi
227 381 362 441 magis
388 379 596 436 audaces,
620 396 673 424 an
702 389 802 424 sunt
830 380 905 440 qui
935 378 1034 423 talia
1064 379 1243 422 mittunt

209 449 422 494 Munera?
444 450 517 494 sed
547 453 744 512 geminus
767 449 924 494 vilibus
949 465 1051 493 usus
1079 450 1201 493 inest.

141 518 321 564 Nullum
347 519 579 565 sollicitant
602 522 716 577 haec,
746 520 921 573 Flacce,
952 528 1196 564 toreumata
1225 518 1389 573 furem,

211 592 268 634 Et
292 591 473 635 nimium
497 591 644 636 calidis
671 608 760 636 non
789 592 996 635 vitiantur
1016 591 1149 650 aquis.

141 660 283 718 Quid,
312 662 427 722 quod
459 679 612 707 securo
642 671 766 723 potat
790 662 976 709 conviva
999 661 1222 711 ministro,

209 733 267 775 Et
296 748 445 776 casum
474 732 668 777 tremulae
699 750 787 777 non
816 733 999 776 timuere
1031 729 1217 775 manus?

142 803 238 845 Hoc
262 819 434 864 quoque
459 820 548 847 non
571 802 678 846 nihil
700 813 788 858 est,
809 801 927 864 quod
953 801 1203 863 propinabis
1228 802 1271 843 in
1297 800 1409 855 istis,

210 873 491 934 Frangendus
522 873 651 917 fuerit
677 875 709 916 si
740 873 839 928 tibi,
863 872 1038 928 Flacce,
1062 871 1182 915 caliX.

71 1011 202 1045 Calices
220 1010 391 1055 ejusmodi
418 1013 564 1053 vitreos,
585 1013 649 1057 qui
672 1014 742 1045 Ro-

71 1076 135 1098 mae
151 1063 406 1104 conflabantur,
425 1076 466 1097 eo
482 1065 625 1098 nomine
646 1077 741 1098 com-

68 1115 211 1150 mendat
231 1117 335 1150 etiam
357 1117 546 1158 Martialis,
566 1116 665 1162 quod
689 1129 743 1151 ca-

68 1168 252 1203 lidioribus
283 1170 380 1215 aquis
406 1183 477 1203 non
506 1170 740 1203 vitiarentur:

70 1238 82 1249 «
97 1224 225 1257 Nostra
237 1235 301 1256 nec
317 1222 452 1256 ardenti
465 1235 600 1268 gemma
616 1223 742 1256 feritur

69 1288 168 1322 aqua.
197 1293 211 1305 υ
234 1276 278 1309 At
300 1279 562 1322 κρυσταλλοφανῆ
592 1276 742 1309 Alexan-

70 1328 169 1362 drina
188 1341 261 1362 non
281 1329 503 1376 patiebantur
531 1341 655 1375 aquam
685 1342 741 1363 ca-

68 1381 188 1417 lidam.
215 1381 351 1415 Salmas.
371 1381 454 1415 Vid.
483 1382 642 1416 Turneb.
677 1382 739 1415 lib.

70 1433 160 1469 Adv.
189 1435 313 1477 XXX,
338 1447 413 1480 cap.
446 1437 510 1476 26;
538 1443 573 1468 et
600 1435 663 1468 lib.
688 1436 740 1476 X,

69 1500 144 1534 cap.
166 1487 226 1520 23.

125 1554 157 1575 2.
173 1541 345 1574 Flaminio.
364 1540 432 1574 Ubi
450 1540 689 1575 vendebantur
704 1542 742 1574 fi-

69 1594 180 1634 ctilia,
199 1602 261 1627 aut
277 1594 386 1627 vitrea
404 1606 494 1627 vasa.

124 1648 158 1680 3.
181 1648 230 1680 Hi
261 1650 372 1692 magis.
391 1645 543 1680 Videtur
565 1647 671 1680 Poeta
694 1648 742 1680 al-

70 1700 189 1734 lusisse
205 1699 249 1733 ad
264 1701 375 1733 calices
390 1700 537 1740 audaces,
554 1698 600 1733 de
614 1701 742 1745 quibus

70 1753 131 1787 lib.
142 1753 243 1794 XIV,
257 1753 366 1798 epigr.
382 1765 464 1786 xmv
476 1764 483 1785 :
497 1751 642 1786 audaces
659 1765 742 1786 ver«)

72 1806 123 1839 illi
140 1807 372 1847 vocabantur,
400 1804 498 1851 quod
523 1805 637 1850 speeie
659 1818 743 1851 qua-

70 1858 151 1892 dam
171 1858 369 1903 crystallina
390 1859 517 1904 pocula
535 1858 662 1892 imitari
683 1870 743 1892 au-

71 1911 205 1946 derent.

127 1969 160 2004 4.
187 1964 324 1999 Gemmis
345 1978 410 2010 pro
428 1966 569 2010 geminus
591 1965 744 1998 habuere

72 2017 154 2051 edd.
172 2025 255 2051 vett.
278 2017 350 2051 fere
371 2029 509 2058 omnes,
526 2017 744 2051 imitantibus

70 2071 306 2104 recentiorum
336 2070 545 2112 nonnullis3
573 2071 617 2104 ita
644 2078 681 2104 ut
706 2071 742 2102 in

71 2123 280 2169 quibusdam
288 2124 551 2169 legaturgemmis
561 2124 646 2156 utilis
656 2137 740 2163 usas,

72 2198 122 2204 -—
141 2178 206 2211 Sed
222 2179 362 2221 geminus
379 2178 505 2210 vilibus.
524 2177 606 2210 Haec
619 2189 745 2222 nempe

71 2229 145 2263 duo
169 2229 355 2264 commoda
382 2230 510 2263 vilibus
531 2229 666 2275 poculis
689 2229 743 2262 in-

72 2292 152 2317 sunt
161 2309 170 2326 ,
182 2282 278 2329 quod
289 2295 354 2317 nec
366 2283 481 2316 furem
496 2282 647 2316 alliciant
657 2309 665 2321 ,
680 2295 744 2315 nec

72 2348 160 2381 aqua
172 2334 280 2370 calida
294 2344 514 2381 rumpantur.
526 2336 596 2377 Qui
605 2336 742 2380 legunt,

73 2387 139 2421 Sed
167 2391 295 2434 gemmis
326 2390 411 2422 utilis
442 2402 512 2421 usus
545 2391 624 2421 inest
650 2389 745 2432 obje—

73 2441 224 2475 ctionem
239 2441 297 2475 hic
315 2441 465 2475 credunt
480 2454 551 2475 esse
567 2441 698 2476 Flacci:
713 2450 745 2475 at

74 2494 181 2535 fals03
195 2506 275 2527 nam
291 2506 441 2539 gemmas
458 2507 581 2540 magno
601 2495 676 2527 usui
694 2507 746 2528 es-

75 2559 109 2580 se
139 2545 325 2580 credebant
350 2547 483 2593 antiqui
510 2547 548 2580 in
575 2546 746 2592 pellendis

76 2597 205 2633 morbis
229 2608 261 2633 et
286 2599 527 2633 venenis.vid.
544 2608 577 2634 et
599 2601 642 2633 cf.
658 2600 745 2633 Plin.

78 2652 267 2692 XXXVII,
287 2665 360 2697 rap.
383 2667 412 2686 ιι.
435 2651 577 2687 Judicet
599 2653 717 2687 lector

859 1013 890 1044 5.
920 1012 1226 1044 Toreamata.Vasa
1251 1018 1333 1043 sunt
1359 1023 1378 1042 e
1405 1022 1478 1042 me-

804 1065 885 1097 tallo
908 1064 1026 1097 aliisve
1049 1076 1067 1096 e
1089 1063 1244 1097 materiis
1266 1071 1369 1096 torno
1394 1074 1478 1095 con-

801 1117 890 1151 fecta
918 1125 953 1150 et
982 1117 1168 1150 elaborata.
1199 1115 1338 1149 Dicitur
1363 1123 1478 1148 tamen

801 1169 907 1214 magis
917 1170 1061 1215 proprie
1074 1168 1118 1202 de
1130 1167 1298 1202 caelaturis
1311 1168 1377 1201 illis
1391 1180 1480 1213 quas

799 1235 864 1256 nos
874 1234 1038 1256 vocamus
1049 1222 1231 1264 bas-relt'efs,
1239 1221 1384 1254 Talibus
1394 1233 1477 1253 vero

802 1276 972 1309 caelaturis
986 1287 1094 1320 quum
1107 1275 1477 1320 saepissimeVeterum,

802 1327 908 1362 modo
929 1327 1098 1362 ditiorum
1112 1353 1121 1368 ,
1142 1329 1269 1374 pocula
1292 1335 1327 1360 et
1351 1327 1476 1372 scyphi

802 1389 835 1415 et
857 1389 1026 1422 crateres,
1047 1392 1170 1415 omnes
1190 1380 1342 1426 denique
1361 1380 1478 1413 omnis

802 1433 898 1468 modi
922 1442 1050 1480 patcrae
1083 1442 1310 1475 ornarentur,
1332 1445 1397 1478 pro
1416 1446 1477 1478 po-

802 1488 897 1529 culis,
915 1489 1056 1534 sqipliis,
1073 1490 1194 1533 patet-is
1215 1486 1402 1533 saepissime
1424 1485 1477 1518 di-

802 1549 896 1574 ctum
920 1548 1069 1574 toreuma.
1086 1540 1154 1573 En.

856 1607 890 1639 7.
906 1593 1022 1627 Securo
1037 1596 1189 1626 ministro.
1206 1596 1251 1626 At
1270 1605 1351 1626 vero
1368 1605 1474 1637 quuui

803 1647 1001 1692 crystallina
1022 1648 1145 1692 pocula
1167 1647 1386 1692 porrigerent
1407 1659 1476 1678 ser-

801 1700 850 1741 vi,
866 1713 910 1732 ne
929 1708 988 1732 aut
1002 1700 1158 1732 convivis
1173 1708 1232 1732 aut
1249 1699 1314 1732 sibi
1330 1711 1347 1731 e
1365 1699 1476 1730 mani-

801 1753 866 1786 bus
897 1751 1098 1786 exciderent
1125 1751 1227 1785 valde
1254 1751 1474 1789 metuebant,

801 1806 848 1837 ita
869 1813 906 1838 ut
928 1817 969 1837 ex
994 1806 1066 1851 ipsa
1084 1803 1321 1838 sollicitudine
1339 1812 1372 1836 et
1393 1816 1477 1837 cura

804 1866 1006 1903 peccarent,
1036 1857 1232 1903 poculaque
1258 1857 1477 1902 frangerent,

803 1923 876 1944 non
893 1911 1011 1944 minus
1030 1923 1067 1943 ac
1083 1911 1145 1956 qui
1164 1910 1313 1943 nimium
1332 1908 1476 1942 audaces

804 1972 837 1997 et
849 1964 1060 2009 negligentes
1074 1975 1081 1996 :
1096 1962 1193 2009 quod
1209 1963 1269 1996 lib.
1288 1963 1387 2003 XIV,
1398 1974 1455 1995 cxi
1466 1989 1473 2001 ,

804 2017 908 2050 docet
922 2017 1025 2050 Poeta
1042 2017 1203 2050 lemmate
1214 2042 1222 2055 ‚
1240 2016 1274 2048 iu
1290 2015 1396 2061 epigr.
1413 2017 1476 2047 sub

806 2069 1001 2115 Crystallina
1014 2097 1023 2109 ,
1042 2070 1089 2103 sic
1108 2082 1258 2115 puerum
1279 2069 1475 2113 alloquens:

809 2123 1003 2168 «Frangere
1018 2122 1103 2156 dum
1114 2122 1249 2161 metuis,
1261 2121 1389 2166 frangis
1403 2133 1478 2167 cry-

804 2176 963 2210 stallina:
982 2184 1126 2222 peccant
1147 2175 1281 2209 Securae
1302 2174 1450 2208 nimium
1467 2200 1475 2213 ,

805 2228 1028 2274 sollicitaeque
1048 2241 1180 2262 manus.
1210 2247 1222 2258 »ι

862 2294 918 2315 10.
945 2283 1074 2315 Fuerat.
1104 2281 1177 2314 MS.
1201 2282 1237 2314 in
1260 2293 1368 2325 marg.
1392 2278 1475 2312 edit.

805 2335 881 2368 Par.
924 2337 1032 2380 1617.
1053 2357 1105 2362 —
1131 2334 1340 2378 Frangendus
1362 2334 1475 2375 suerit.

805 2388 921 2429 Quum
943 2400 1071 2435 nempe
1088 2389 1123 2420 in
1142 2388 1255 2420 vitreo
1275 2383 1478 2432 hujusmodi

806 2441 932 2486 poculo
954 2441 1077 2487 aliquis
1096 2453 1156 2474 ore
1176 2440 1316 2484 impuro
1338 2446 1372 2471 et
1392 2438 1481 2470 male

806 2494 912 2527 olenti
928 2494 1056 2527 biberit
1071 2506 1078 2527 :
1094 2502 1127 2527 at
1142 2505 1225 2526 vero
1242 2491 1480 2538 crystallinum

806 2558 1006 2592 quanquam
1026 2546 1136 2592 frangi
1152 2543 1339 2590 aliquando
1360 2554 1479 2576 neces-

807 2600 933 2633 sarium
951 2608 1018 2641 est,
1034 2612 1107 2632 nou
1126 2599 1199 2633 sine
1219 2609 1338 2642 magna
1351 2598 1480 2641 jactura

810 2653 920 2697 frangi
938 2660 1060 2697 potest.

1196 2721 1206 2734 υ
1235 2713 1242 2733 5

1192 2740 1214 2763 Γ)
