1901 3259
290 235 879 280 EPIGRAMMATUM
918 235 1040 276 LIB.
1081 234 1226 276 XIII.
1365 230 1451 291 157

623 386 889 443 CXVII.

541 520 969 569 MAMERTINUM.*

122 668 361 709 AMPHORA
388 666 597 709 Nestorea
626 663 704 708 tibi
738 666 1003 708 Mamertina
1032 675 1203 708 senecta

196 737 239 779 Si
264 735 410 791 detur,
432 736 618 796 quodvis
640 751 802 781 nomen
823 736 984 779 habere
1004 745 1156 796 potest.

122 876 170 916 Ei
197 875 473 934 Μαμερτίνοιο
499 878 621 936 γέρων
652 876 768 919 οἴνοιο
797 871 929 922 δοθείη

188 947 467 1005 Αμφιφορεὺς,
489 950 533 1000 ὁ,
555 953 664 989 τιοῦν
685 948 820 1006 οὔνομ’
840 948 942 1005 ἔχειν
966 941 1150 989 δύναται.

105 1079 119 1093 ¹
142 1084 375 1117 Mamertinum.
410 1084 622 1117 Mamertino
645 1085 728 1117 vino

54 1136 295 1171 auctoritatem
309 1146 344 1170 et
356 1137 483 1170 famam
497 1138 633 1183 primus
649 1149 730 1170 con-

54 1190 185 1223 ciliavit
213 1190 252 1224 C.
273 1190 389 1223 Julius
423 1191 536 1224 Caesar
565 1189 727 1224 dictator.

53 1243 142 1276 Plin.
165 1243 228 1277 lib.
247 1243 346 1284 XIV,
364 1255 440 1289 cap.
461 1246 481 1278 6
497 1255 505 1276 ε
521 1260 534 1273 «
553 1244 729 1285 Quartum

54 1296 268 1330 curriculum
299 1296 451 1342 publicis
489 1297 601 1342 epulis
637 1297 728 1330 obti-

52 1361 162 1382 nuere
182 1362 201 1382 a
221 1350 313 1383 Divo
331 1349 427 1383 Julio
449 1344 502 1393 (is
534 1350 627 1383 enim
655 1350 729 1395 pri-

55 1414 131 1435 mus
151 1402 391 1436 auctoritatem
404 1403 459 1436 his
474 1403 601 1436 tribuit
612 1429 621 1444 ,
638 1411 676 1435 ut
693 1403 728 1436 in

54 1455 209 1501 epistolis
226 1456 299 1500 ejus
322 1450 480 1501 apparet)
499 1455 708 1489 Mamertina
721 1483 729 1497 ,

54 1508 144 1541 circa
163 1509 355 1542 Messanam
378 1510 413 1542 in
433 1509 550 1542 Sicilia
565 1509 692 1554 genita.
712 1526 725 1538 ›-

56 1561 244 1594 Athenaeus
258 1586 268 1602 ,
287 1560 331 1595 de
350 1561 441 1595 vinis
458 1561 608 1595 Italicis:
628 1580 641 1592 α
655 1562 730 1595 Ma-

55 1614 242 1648 mertinum
270 1615 426 1649 nascitur
450 1623 545 1648 extra
566 1615 702 1649 Italiam
720 1641 730 1657 ‚

789 1084 888 1130 quod
914 1085 951 1118 in
975 1084 1089 1118 Sicilia
1114 1085 1302 1118 Iotaliuum
1323 1085 1464 1126 dicitur,

789 1150 893 1171 suave
909 1146 943 1171 et
960 1138 1158 1171 robustum.

847 1204 878 1225 1.
897 1191 1078 1224 Manestina
1100 1190 1178 1224 cod.
1200 1191 1333 1224 Beverl.
1359 1201 1392 1225 et
1411 1206 1460 1225 vs.

793 1257 809 1276 2
825 1269 834 1284 ,
856 1252 955 1288 potes.
973 1265 1025 1270 —
1045 1244 1200 1277 Nestorea
1230 1253 1363 1278 senecta.
1390 1246 1465 1279 Hoc

789 1305 860 1338 est,
881 1298 1088 1330 Mamertina
1114 1297 1364 1339 vetustissima,
1387 1312 1466 1345 quae

788 1359 857 1383 tres
878 1350 1066 1383 hominum
1084 1358 1200 1384 aetates
1220 1351 1349 1384 vixere.

846 1416 879 1436 2.
903 1403 1044 1447 Quodvis
1069 1416 1190 1436 nomen.
1209 1404 1285 1437 Hoc
1315 1413 1388 1445 est,
1412 1405 1464 1438 vel

791 1456 975 1489 Falernum
985 1482 994 1497 ‚
1007 1457 1063 1490 vel
1077 1456 1238 1489 Setinum
1249 1483 1257 1496 ‚
1279 1458 1333 1490 vel
1348 1459 1465 1491 Caecn-

789 1510 895 1550 bum,
933 1518 1000 1543 etc.
1032 1510 1209 1544 nominari
1244 1519 1377 1556 potest,
1412 1512 1466 1544 his

792 1562 886 1595 enim
923 1563 996 1596 vini
1035 1563 1220 1608 speciebus
1260 1565 1465 1610 aequiparari

791 1623 916 1661 potest.
933 1615 1028 1649 Vide
1041 1616 1102 1650 lib.
1124 1617 1140 1648 I
1153 1643 1162 1658 ‚
1177 1616 1285 1662 epigr.
1307 1630 1379 1653 ενι.

611 1749 915 1806 CXVIII.

525 1906 997 1936 TARRACONENSE.

126 2032 378 2086 TARRACO,
409 2030 637 2091 Campano
667 2039 836 2074 tantum
867 2047 1040 2075 cessura
1067 2033 1225 2093 Lyaeo,

198 2100 303 2145 Haec
334 2101 484 2162 genuit
507 2101 658 2146 Tuscis
685 2100 839 2145 aemula
870 2103 972 2145 vina
1001 2102 1130 2146 cadis.

126 2242 372 2299 Καμπανοῖο
398 2239 520 2299 μόνου
546 2238 743 2301 Ταράκων
771 2243 1005 2300 ἡττώμενος
1031 2241 1134 2285 οἴνου

195 2313 433 2370 Τυρῥηνοῖσι
460 2304 602 2360 κάδοις
627 2317 723 2370 φῦσε
750 2305 842 2353 τόδ’
868 2311 1105 2357 ἀντίπαλον.

108 2463 133 2484 1.
151 2449 259 2483 Solum
276 2462 342 2495 pro
359 2458 481 2483 tantum
499 2449 578 2484 cod.
596 2450 734 2484 Beverl.

55 2525 107 2529 —-
129 2504 281 2535 Tarraco.
302 2502 432 2537 Civitas
461 2502 638 2548 Hispaniae
668 2516 733 2536 no-

54 2556 135 2589 bilis
146 2582 154 2597 ‚
167 2554 275 2588 hodie
294 2556 484 2600 Turi-agona
499 2582 508 2596 ‚
532 2556 595 2589 ubi
610 2556 731 2589 vinum

57 2618 128 2642 erat
162 2617 232 2642 tam
272 2608 450 2654 egregium
474 2635 482 2649 ,
528 2617 567 2641 ut
606 2618 732 2654 praeter

794 2449 997 2498 Campaniae
1014 2453 1096 2486 vina
1109 2479 1117 2495 ,
1137 2453 1181 2487 de
1205 2454 1331 2499 quibus
1350 2469 1470 2502 supra,

794 2516 875 2537 cum
905 2505 982 2539 aliis
1013 2507 1121 2540 Italiae
1154 2507 1242 2540 vinis
1275 2511 1469 2554 comparari

793 2567 921 2602 posset.
941 2557 1113 2592 Videatur
1144 2559 1249 2592 Plinii
1273 2561 1332 2594 lib.
1364 2563 1471 2603 XIV,

794 2623 870 2655 cap.
894 2613 928 2644 6.
947 2633 997 2637 -—
1015 2613 1122 2644 Tuscis
1142 2625 1207 2658 pro
1231 2614 1362 2647 Italicis.
