2044 3292
548 268 635 318 iil.

926 262 985 303 M.
1012 260 1149 304 VAL.
1191 256 1582 300 MARTIALIS

1152 408 1322 464 XLI.

947 563 1256 592 PORCELLUS
1296 562 1546 592 LACTENS.

608 695 764 736 LACTF.
796 705 915 732 mero
949 697 1120 748 pastum
1152 687 1285 748 pigrae
1312 686 1417 729 mihi
1449 687 1598 730 matris
1623 686 1846 731 alumnum

675 763 834 814 Ponat,
866 768 908 802 et
935 757 1078 802 AEtolo
1110 757 1164 801 de
1194 774 1270 801 sue
1295 756 1414 801 dives
1439 757 1550 801 edat.

607 891 784 957 Ᾱκρτζτῳ
806 895 1004 955 μεθύοντα
1029 895 1168 955 γλάγει
1195 894 1262 954 μοὶ
1288 888 1472 952 δέλφακα
1497 894 1620 937 θέσθω

675 968 902 1018 Πλούσιος,
929 964 1116 1008 Αἰτωλοῦ
1145 958 1184 1006 δ’
1210 963 1332 1014 αὐτὸς
1361 959 1496 1008 ἔδοιτο
1525 965 1693 1025 κάπρου.

594 1118 623 1138 1.
648 1106 745 1138 Lacte
768 1116 849 1136 mero
862 1129 870 1143 ‚
905 1111 972 1136 etc.
996 1102 1092 1136 Malo
1114 1101 1218 1136 edere

535 1160 721 1192 lactentem
733 1156 925 1203 porcellum
934 1180 943 1194 ‚
958 1167 1065 1201 quam
1077 1167 1216 1201 aprum:

535 1212 594 1245 ille
613 1211 700 1245 mihi
724 1210 832 1255 sapit,
857 1221 929 1242 non
952 1207 1096 1242 invideo
1116 1208 1217 1242 lautis

534 1277 671 1310 aprum.
708 1264 856 1296 Lactens
886 1270 1003 1294 autem
1043 1261 1217 1306 porcellus

534 1316 546 1357 (
564 1330 636 1350 non
670 1317 800 1350 lacteus
814 1341 823 1356 ‚
854 1323 894 1349 ut
927 1311 1130 1352 Domitius)
1167 1323 1217 1347 est

541 1387 554 1400 α
564 1368 669 1403 modo
680 1381 716 1402 ra
722 1377 799 1415 ptus
813 1369 855 1401 ab
866 1367 974 1400 ubere
984 1366 1104 1400 matris
1112 1384 1125 1396 n
1135 1392 1145 1408 ‚
1156 1367 1217 1412 qui

536 1423 589 1455 nil
603 1421 699 1455 aliud
718 1420 870 1467 gustavit
885 1432 990 1465 quam
1008 1420 1060 1453 lac
1078 1418 1122 1453 de
1139 1432 1218 1465 por-

540 1488 578 1509 ca
600 1484 720 1509 matre.
751 1474 807 1507 Sic
836 1474 1002 1507 lactentes
1023 1472 1140 1518 pueri,
1162 1472 1215 1505 iu-

539 1529 662 1562 fantes„
679 1527 735 1561 Sic
752 1526 962 1560 tenerrimus
984 1534 1017 1558 et
1036 1526 1122 1559 lacte
1144 1538 1216 1558 ina-

1278 1103 1340 1137 tris
1350 1104 1425 1137 solo
1439 1104 1606 1137 hactenus
1619 1111 1735 1149 pastus
1751 1115 1893 1149 onager,
1905 1104 1949 1137 la-

1280 1155 1375 1197 lisio;
1391 1156 1481 1190 infra
1493 1182 1502 1197 ,
1520 1156 1630 1201 epigr.
1650 1168 1761 1190 xcvu.
1775 1177 1825 1182 —-
1838 1158 1949 1201 Pigra·

1277 1211 1397 1242 matris.
1423 1209 1638 1254 periphrasis
1666 1209 1790 1242 efsoetae
1824 1222 1947 1254 porcae.

1278 1262 1358 1307 Leg.
1379 1261 1470 1295 Plin.
1491 1261 1550 1296 lib.
1568 1262 1678 1304 VIII,
1697 1274 1771 1307 cap.
1793 1262 1853 1296 51.

1333 1328 1364 1348 2.
1391 1315 1541 1347 AEtholio
1566 1313 1647 1348 cod.
1673 1314 1877 1348 Beverland.
1900 1335 1950 1341 —-

1278 1368 1327 1400 Et
1345 1368 1480 1407 AEtolo‚
1496 1375 1560 1400 etc.
1580 1367 1625 1400 Et
1640 1366 1740 1401 diviti
1755 1376 1952 1413 apponatur

1278 1433 1343 1466 pro
1369 1433 1466 1454 more
1494 1420 1672 1453 lautorum
1697 1431 1795 1466 aper,
1814 1421 1867 1454 vel
1884 1421 1950 1454 Ar-

1277 1472 1389 1507 cadici
1402 1473 1457 1507 vel
1474 1472 1580 1506 AEtoli
1595 1473 1687 1507 illius
1701 1473 1857 1507 aemulus.
1871 1473 1948 1506 Lib.

1277 1526 1392 1571 Spect.
1413 1526 1520 1571 epigr.
1539 1538 1581 1559 xv
1594 1551 1603 1566 ‚
1622 1538 1670 1559 vs.
1694 1538 1724 1560 1.

1141 1667 1341 1722 XLII.

910 1822 1172 1851 APYRINA
1213 1823 1276 1850 ET
1314 1822 1581 1851 TUBERES.

610 1951 714 1994 Now
746 1949 822 1993 tibi
852 1947 905 1991 de
934 1947 1110 2007 Libycis
1137 1947 1336 2001 tuberes,
1357 1956 1400 1990 et
1427 1948 1607 2007 apyrina
1632 1949 1781 2004 ramis,

677 2022 746 2064 De
772 2018 1062 2063 Nomentanis
1090 2017 1164 2061 sed
1191 2017 1344 2061 damus
1369 2017 1610 2061 arboribus.

596 2172 626 2192 1.
650 2158 777 2191 Tibures
797 2165 831 2189 et
852 2159 964 2200 aprina
980 2154 1056 2187 cod.
1079 2154 1212 2187 Beverl.

538 2234 590 2239 —
608 2213 657 2244 De
674 2210 799 2256 Libycis
815 2208 934 2242 tuberes
947 2234 955 2247 ,
981 2217 1045 2241 etc.
1070 2208 1109 2239 In
1126 2207 1215 2239 Afri-

538 2278 575 2298 ca
600 2264 753 2311 primum
785 2270 884 2302 nata,
912 2259 974 2294 secl
998 2260 1161 2293 translata
1181 2268 1215 2292 et

538 2318 619 2351 alibi
630 2325 748 2363 postea
761 2323 831 2348 satu
840 2311 1214 2359 poma,quibus‚quod

538 2371 579 2404 iis
592 2371 746 2415 lignosus
757 2369 887 2401 abesset
898 2366 1044 2399 nucleus
1056 2392 1064 2405 ‚
1085 2376 1212 2397 nomen

536 2425 693 2468 ἀπύρηνον
727 2420 878 2454 inditum
903 2419 969 2452 fuit
989 2431 1029 2451 ex
1052 2431 1073 2450 α
1095 2417 1212 2463 priva-

535 2477 622 2517 tivo,
637 2484 671 2508 et
684 2475 797 2519 πυρήν,
814 2473 948 2505 nucleus.
968 2471 1056 2504 Ptin.
1073 2470 1094 2502 l.
1112 2470 1213 2510 Xlll,

534 2541 607 2574 cap.
632 2541 696 2572 29,
713 2527 786 2560 etl.
805 2526 884 2564 XV,
904 2536 979 2569 cap.
1003 2527 1043 2563 14
1059 2525 1210 2567 :uffique

534 2581 716 2626 peregrina
734 2587 815 2612 suut
833 2577 968 2622 zizipha
991 2585 1025 2609 et
1048 2575 1186 2608 tuberes
1199 2601 1208 2615 ‚

531 2646 608 2679 quae
628 2642 661 2667 et
678 2633 752 2678 ipsa
771 2644 843 2664 non
864 2629 1003 2676 pridem
1024 2640 1152 2661 venere
1171 2628 1206 2660 in

532 2687 677 2719 ltaliam.
702 2686 782 2718 Haec
800 2696 841 2718 ex
862 2683 997 2724 Africa,
1014 2681 1072 2715 illa
1089 2693 1128 2714 ex
1147 2680 1207 2725 Sy-

1277 2154 1325 2186 ria
1354 2153 1445 2186 Sext.
1475 2153 1665 2199 Papinius,
1688 2166 1793 2199 quem
1821 2166 1948 2187 consu-

1274 2207 1341 2239 lein
1372 2205 1541 2248 vidimus,
1564 2206 1697 2252 primus
1724 2214 1872 2252 utraque
1899 2215 1949 2240 at-

1275 2259 1372 2300 tulit,
1387 2260 1430 2292 D.
1446 2260 1591 2304 Augusti
1609 2259 1805 2293 novissimis
1818 2267 1950 2305 tempo-

1274 2312 1372 2344 ribus
1389 2329 1418 2352 ι»,
1432 2320 1465 2344 et
1479 2325 1556 2357 quae
1566 2312 1950 2358 sequuntur.—-Malo-

1273 2377 1349 2397 rum
1365 2374 1586 2407 granatorum
1605 2376 1731 2410 genera
1747 2364 1948 2398 du02alteri

1273 2418 1416 2449 nucleus
1433 2426 1483 2450 est
1498 2418 1672 2462 lignosus:
1685 2418 1782 2451 alteri
1803 2425 1861 2451 aut
1876 2418 1952 2451 nul-

1274 2470 1347 2508 lus,
1367 2478 1424 2502 aut
1440 2478 1533 2503 certe
1551 2471 1737 2508 minimum
1756 2470 1803 2503 ob
1820 2469 1858 2503 id
1876 2483 1950 2517 app·-

1273 2535 1377 2555 remcm
1395 2532 1551 2556 vocatur.
1570 2523 1670 2556 Brod.

1326 2588 1356 2607 2.
1385 2576 1434 2607 l)e
1455 2576 1683 2615 Nomentanis,
1711 2584 1776 2609 etc.
1805 2575 1894 2609 Nata
1914 2575 1949 2608 in

1269 2628 1347 2661 villa
1367 2641 1445 2661 mea
1464 2629 1498 2661 in
1523 2641 1605 2673 agro
1631 2628 1869 2668 Nomentano,
1889 2627 1948 2673 qui

1267 2680 1309 2713 ad
1331 2680 1507 2714 decimum
1529 2682 1570 2715 ab
1588 2681 1687 2714 Urbe
1703 2679 1865 2726 lapidem.
