2044 3292
464 271 487 298 2
841 255 903 297 M.
937 256 1075 298 VAL.
1116 254 1492 299 MARTIALIS

458 342 589 388 tibus¹
617 360 707 387 non
733 344 926 387 sentiunt
947 361 956 387 :
978 343 1033 387 ad
1056 359 1272 387 summam
1299 344 1496 388 omnium
1527 360 1577 388 ea
1594 378 1606 400 ‚
1637 341 1747 404 quae²
1779 344 1878 389 deli-

458 415 543 459 cati
568 404 861 475 reliquimus³‚
881 415 1002 475 quasi
1022 413 1216 458 destituti
1241 412 1549 459 desideramus.
1578 406 1785 459 Accedit‘³
1810 416 1877 461 his

457 484 784 547 municipalium
821 484 978 548 rubigo
1015 485 1240 540 dentium,
1270 493 1313 527 et
1343 484 1493 545 judicii
1528 484 1625 530 loco
1665 484 1802 543 livor,
1835 497 1879 530 et

458 573 571 601 unus
593 566 668 600 aut
691 547 815 601 alter⁵
838 556 940 600 mali
956 592 967 613 ,
990 558 1034 600 in
1050 554 1207 617 pusillo
1221 554 1318 598 loco
1344 555 1497 612 multi,
1519 547 1744 600 adversus6
1767 573 1877 618 quos

456 627 632 672 difficile
653 628 892 672 esthabere
906 626 1099 688 quotidie
1120 626 1286 669 bonum
1304 627 1595 670 stomachum.
1619 629 1686 672 Ne
1708 628 1878 673 mireris

456 700 590 759 igitur
607 698 777 759 abjecta
796 699 850 742 ab
868 698 1121 759 indignante
1139 730 1150 751 ,
1171 712 1266 757 quae
1284 712 1309 740 a
1325 697 1534 758 gestiente
1555 698 1649 741 fieri
1664 697 1876 743 solebant.

456 771 522 813 Ne
554 769 659 830 quid
692 779 838 813 tamen
872 778 915 812 et
953 768 1202 812 advenienti
1233 767 1310 811 tibi
1345 767 1399 810 ab
1426 768 1576 825 Urbe,
1614 777 1658 812 et
1689 769 1877 830 exigenti

455 855 660 901 negarem
681 835 774 897 (cui
805 856 895 883 non
922 838 1065 883 refero
1090 838 1317 900 gratiam7,
1344 839 1376 881 si
1403 848 1572 882 tantum
1600 854 1651 883 ea
1677 829 1876 900 8praesto,

455 928 550 972 quae
576 908 793 973 possim),
820 908 1061 971 imperavi⁹
1086 909 1213 965 mihi,
1242 909 1361 969 quod
1390 908 1616 970 indulgere
1632 908 1662 923 ¹⁰
1689 926 1876 954 consue-

453 980 663 1038 veram¹¹,
690 991 734 1025 et
770 980 915 1025 studui
942 980 1211 1042 paucissimis
1234 979 1410 1035 diebus,
1446 989 1496 1023 ut
1523 979 1878 1025 familiarissimas

454 1054 562 1098 mihi
587 1068 713 1097 aures
728 1061 823 1096 tuas
843 1051 1087 1112 exciperem
1111 1050 1365 1094 adventoria
1383 1049 1507 1094 sua¹².
1531 1052 1597 1094 Tu
1620 1050 1750 1095 velim
1771 1052 1849 1096 ista
1864 1087 1874 1107 ‚

513 1226 546 1247 1.
568 1211 759 1246 Convinctus
786 1209 927 1243 omnibus
956 1208 1080 1242 studere
1105 1222 1137 1241 se

455 1267 657 1305 voluntates,
676 1263 772 1311 quod
790 1263 874 1297 olim
888 1263 1137 1308 legebatur.—

456 1320 590 1354 studere
615 1332 647 1352 se
674 1316 903 1364 voluptatibus.
936 1316 1013 1350 Hoc
1060 1323 1134 1356 est,

457 1372 633 1407 auditores
648 1383 721 1405 non
731 1370 886 1405 sentiunt
899 1381 935 1404 se
954 1381 1139 1415 argumen-

458 1435 534 1460 tum
547 1427 703 1472 praebere
722 1423 882 1458 versibus
894 1448 904 1466 ‚
922 1435 1009 1469 quos
1025 1430 1138 1469 poetae

459 1491 540 1514 cum
553 1480 736 1524 voluptate
749 1486 782 1512 et
797 1476 1030 1511 delectatione
1045 1489 1138 1511 com-

458 1541 611 1579 ponunt.
638 1530 746 1565 Unde
774 1531 866 1564 infra
888 1529 973 1564 dicit
990 1547 1003 1560 «
1019 1542 1096 1575 quae
1120 1542 1139 1562 a

457 1586 626 1632 gestiente
652 1584 731 1619 fieri
762 1584 921 1618 solebant
946 1584 1056 1617 ».Vel
1085 1583 1138 1616 in-

459 1640 577 1685 tellige
609 1639 703 1685 ipsos
731 1645 850 1685 poetas
872 1636 976 1670 etiam
993 1649 1066 1670 non
1079 1647 1138 1669 co-

460 1693 608 1739 gitantes
620 1718 629 1735 ‚
653 1691 739 1725 dum
757 1690 962 1736 spectaculis
989 1689 1118 1723 adsunt
1130 1715 1139 1731 ‚

460 1745 602 1780 studere
635 1758 716 1779 cum
747 1744 856 1778 animi
887 1742 1140 1785 delectatione,

462 1798 562 1846 quod
572 1811 700 1845 nempe
709 1797 840 1832 reversi
851 1795 996 1830 domum
1012 1797 1141 1830 faciant

461 1865 580 1887 versus
618 1851 662 1886 de
692 1851 752 1895 iis,
772 1863 849 1898 quae
883 1859 942 1885 aut
967 1848 1139 1891 viderint,

463 1915 522 1940 aut
543 1905 732 1940 audierint.

519 1972 552 1993 2.
573 1959 663 1993 Illud
682 1958 767 2005 quod
786 1958 822 1991 in
844 1970 951 2002 marg.
972 1955 1027 1990 ed.
1047 1957 1141 1989 Lan-

465 2012 532 2059 gii,
550 2013 628 2046 Par.
649 2014 759 2056 1617.

520 2070 553 2103 3.
573 2067 790 2112 Delinquz'mus
810 2061 1018 2096 Beverland.

518 2128 551 2164 4.
575 2121 638 2153 His
666 2127 769 2152 autem.
797 2115 902 2150 idem.
926 2138 978 2143 --
1001 2115 1139 2148 Munici-

460 2177 594 2223 palium.
608 2172 829 2217 Municipum
852 2181 1011 2203 meorum
1032 2169 1140 2201 Bilbi-

465 2231 655 2264 litanorum
673 2223 806 2259 invidia
825 2232 859 2257 et
873 2221 1116 2256 malevolentia
1131 2247 1140 2262 ,

467 2284 528 2330 qui
564 2280 708 2329 quidem
739 2277 887 2322 maligni
914 2284 949 2309 et
975 2287 1040 2321 pro
1072 2275 1140 2308 loci

466 2337 618 2371 exilitate
646 2332 769 2373 multi⁷
797 2343 854 2364 me
881 2337 1050 2375 carpunt,
1076 2329 1139 2361 ob-

465 2397 613 2425 trectant
625 2413 634 2430 ,
655 2385 833 2420 mordent.

521 2445 554 2479 5.
575 2444 663 2477 Unus
677 2448 733 2473 aut
747 2439 838 2471 alter.
855 2435 1021 2478 Quamvis
1037 2434 1141 2480 pauci

468 2498 558 2540 sint,
581 2497 673 2530 forte
697 2493 790 2534 duo,
817 2490 878 2537 qui
899 2496 1043 2534 carpant
1065 2500 1141 2521 mea

469 2551 736 2596 epigrammata,
766 2545 902 2579 ratione
928 2551 1043 2576 tamen
1073 2541 1140 2574 loci

470 2604 582 2648 exigui
602 2602 718 2648 plures
736 2598 915 2632 videntur.

524 2659 558 2690 6.
576 2655 673 2699 Quod
684 2651 870 2687 Pulmanni
885 2649 962 2683 cod.

523 2722 558 2753 7.
584 2708 645 2742 Cui
674 2720 734 2739 non
760 2707 859 2749 resero
887 2705 1036 2747 gratiam.
1063 2701 1142 2734 Ele-

1196 1217 1317 1254 ganter
1344 1208 1434 1242 hanc
1464 1209 1671 1242 sententiam
1712 1210 1881 1256 expressit

1197 1262 1322 1296 Cicero
1342 1262 1402 1295 lib.
1426 1262 1490 1303 IV,
1512 1262 1615 1308 epist.
1634 1271 1755 1296 octava
1770 1275 1778 1296 :
1793 1265 1882 1297 «Re-

1196 1315 1332 1362 liquum
1363 1323 1414 1349 est
1441 1315 1566 1361 igitur,
1596 1323 1636 1349 ut
1663 1317 1727 1349 tibi
1753 1329 1808 1350 me
1841 1317 1877 1350 in

1196 1369 1292 1402 omni
1323 1381 1360 1402 re
1389 1381 1470 1401 eum
1496 1369 1669 1414 praebeam
1699 1378 1879 1415 praestem-

1196 1435 1287 1468 que,
1307 1430 1345 1455 ut
1370 1421 1413 1455 ad
1441 1422 1559 1455 omnia
1584 1435 1663 1468 quae
1692 1423 1743 1456 tui
1768 1423 1880 1457 velint

1196 1476 1243 1509 ita
1265 1476 1330 1509 sim
1355 1483 1502 1521 praesto,
1525 1484 1564 1509 ut
1585 1488 1641 1509 me
1662 1488 1735 1510 non
1760 1477 1877 1510 solum

1197 1529 1314 1563 omnia
1345 1528 1474 1562 debere
1498 1537 1561 1562 tua
1587 1541 1726 1572 caussa,
1752 1529 1814 1563 sed
1840 1541 1878 1563 ea

1196 1593 1357 1628 quoque,
1385 1582 1490 1615 etiam
1518 1595 1596 1628 quae
1625 1595 1697 1616 non
1725 1584 1878 1629 possim,

1195 1645 1327 1682 putem.
1348 1652 1436 1665 ›‘—«
1452 1635 1559 1668 Proui
1580 1635 1687 1669 studii
1705 1652 1718 1665 »
1734 1661 1744 1678 ,
1759 1635 1877 1682 inquit

1198 1690 1276 1722 Val.
1287 1689 1379 1723 Max.
1391 1689 1527 1730 lib.IV‚
1537 1701 1611 1734 cap.
1624 1690 1643 1723 8
1655 1713 1665 1730 ‚
1687 1702 1718 1730 1,
1732 1690 1878 1723 «certius

1199 1750 1250 1776 est
1265 1741 1434 1775 indicium
1450 1754 1553 1787 supra
1571 1741 1661 1775 vires
1673 1741 1740 1775 uiti
1751 1768 1760 1784 ,
1773 1754 1877 1788 quam

1197 1795 1331 1830 viribus
1359 1807 1399 1828 ex
1436 1795 1529 1829 facili
1562 1795 1626 1828 uti.
1662 1795 1759 1828 Alter
1783 1797 1876 1829 enim

1198 1847 1295 1895 quod
1323 1856 1454 1895 potest,
1478 1856 1644 1894 praestat:
1663 1848 1749 1882 alter
1774 1848 1878 1882 etiam

1198 1903 1277 1949 plus
1292 1914 1396 1948 quam
1417 1910 1543 1947 potest.
1555 1918 1568 1932 u
1581 1902 1622 1934 Εἰ
1637 1902 1690 1935 καί
1708 1915 1739 1935 τι
1760 1899 1880 1935 ἀδυνά-

1199 1970 1262 1990 των
1282 1955 1352 1989 ἐστὶ
1377 1956 1495 2000 μεῖζον.
1515 1954 1670 1988 Phalaris
1688 1955 1790 2000 epist.
1816 1955 1877 1988 31.

1255 2010 1288 2043 8.
1309 2008 1476 2041 Praestabo
1497 2007 1706 2041 Beverlandi
1723 2007 1796 2041 MS.

1253 2061 1463 2106 9.Impe1·avi.
1484 2059 1574 2093 Edd.
1592 2069 1675 2094 vett.
1696 2060 1879 2105 imperabo:

1200 2114 1257 2147 alii
1279 2116 1451 2159 impetravi.
1471 2135 1522 2140 ——
1537 2115 1692 2158 Imperavi
1717 2115 1804 2147 mihi.
1835 2112 1877 2146 Id

1199 2175 1267 2209 est,
1288 2167 1403 2200 Etiam
1417 2167 1542 2200 nolens
1554 2192 1564 2208 ‚
1582 2176 1615 2200 te
1631 2168 1775 2213 jubente
1791 2167 1878 2200 scri·

1198 2221 1279 2254 bam
1300 2233 1428 2254 versus.

1258 2285 1311 2307 10.
1340 2273 1401 2306 Cui
1425 2273 1588 2318 indulgere
1610 2272 1647 2305 in
1668 2271 1749 2306 Ald.
1776 2272 1874 2305 Junt.

1199 2336 1232 2362 et
1249 2327 1427 2373 plerisque
1446 2325 1526 2359 edd.
1543 2325 1705 2371 antiquis.

1257 2392 1314 2414 11.
1340 2380 1547 2418 Consum-am,
1573 2387 1604 2411 et
1625 2380 1724 2412 statui
1749 2378 1814 2423 leg.
1839 2378 1876 2411 in

1199 2433 1334 2468 iisdem.

1258 2499 1272 2520 1
1283 2500 1315 2520 2.
1332 2486 1529 2520 Ad‹›em01·ia
1546 2497 1614 2517 sua.
1627 2484 1788 2517 Turneb.
1812 2483 1873 2517 lib.

1201 2540 1327 2579 XXX,
1351 2551 1425 2585 cap.
1453 2540 1516 2580 26,
1535 2538 1583 2571 sic
1607 2537 1757 2583 explicat
1779 2536 1876 2571 hunc

1200 2594 1329 2626 locum.
1349 2594 1401 2625 De
1419 2591 1512 2625 libro
1532 2599 1647 2625 autem
1666 2599 1705 2624 ut
1719 2607 1733 2620 α
1752 2589 1798 2623 de
1819 2588 1876 2622 ad-

1201 2647 1361 2679 ventoria
1379 2657 1474 2678 coena
1496 2662 1509 2674 u
1530 2644 1702 2690 loquitur,
1725 2655 1793 2688 qua
1815 2655 1874 2675 ex-

1202 2699 1318 2744 cipere
1337 2699 1487 2732 solemus
1506 2698 1634 2731 amicos
1655 2707 1799 2742 peregre
1820 2707 1874 2728 re-
