1901 3259
327 224 912 269 EPIGRAMMATUM
950 224 1074 267 LIB.
1114 225 1231 267 XII.

1425 224 1480 269 13

142 315 264 374 Saepe
290 313 499 357 satisfecit
523 313 680 374 praedae
704 321 910 367 venator,
941 321 984 355 et
1008 312 1098 356 acri

208 383 384 427 Decidit
412 400 640 438 excussus,
664 400 744 428 nec
770 382 1012 437 rediturus,
1037 399 1163 443 equo.

138 454 320 498 Insidias
347 464 390 498 et
417 470 597 516 campus
622 455 755 498 habet
780 471 789 497 z
811 469 892 497 nec
919 452 1057 509 fossa,
1086 470 1168 497 nec
1195 469 1353 514 agger⁷

206 526 301 569 Nec
330 525 415 568 sint
442 541 542 568 saxa
570 525 695 581 licet,
726 524 874 569 fallere
898 522 1028 584 plana
1055 523 1206 567 solent.

137 596 239 639 Non
264 594 448 639 deerunt
472 597 546 656 qui
570 605 690 640 tanta
714 596 792 639 tibi
817 593 1066 656 spectacula
1095 603 1328 655 praestent,

204 665 376 709 Invidia
401 665 477 710 fati
505 666 580 710 sed
609 665 771 711 leviore
801 665 969 709 cadant.

134 736 177 779 Si
202 744 244 780 te
269 735 488 781 delectant
510 738 703 781 animosa
728 735 947 798 pericula,
962 736 1115 780 Tuscis

206 802 386 864 (Tutior
406 817 470 851 est
494 804 657 864 virtus)
679 807 931 851 insidiemur
953 807 1081 868 apris.

137 876 257 933 Quid
278 886 321 921 te
341 877 476 921 fraena
495 876 652 937 juvant
673 876 932 921 temeraria?
956 877 1111 938 saepius
1133 875 1236 933 illis,

201 948 345 991 Prisce
359 983 371 1003 ,
399 947 548 991 datum
569 957 635 991 est
653 948 842 1009 equitem
865 963 1069 1008 rumpere
1083 982 1094 1001 ‚
1116 963 1247 1007 quam
1266 944 1474 1007 leporem.

61 1084 184 1118 cisium
210 1085 347 1125 trahat,
376 1095 441 1120 etc.
469 1086 605 1120 Gallice
627 1087 736 1132 possis

61 1137 283 1183 interpretari
305 1152 347 1172 un
367 1153 508 1173 coureur.

113 1191 148 1224 3.
159 1190 334 1234 Satisftcit,
353 1200 419 1226 etc.
434 1194 531 1239 Ipse,
545 1191 632 1225 dum
646 1205 736 1238 prae·

59 1241 140 1276 dam
159 1252 335 1290 captaret,
353 1245 473 1291 praeda
495 1246 617 1279 factus.

114 1295 149 1330 5.
170 1298 322 1339 Insidias,
340 1307 405 1332 etc.
425 1299 491 1332 Vel
511 1299 546 1331 in
566 1298 669 1344 plano
685 1299 734 1331 lo-

59 1361 118 1382 cus
136 1359 188 1384 est
204 1363 314 1384 rumae
332 1360 367 1385 et
384 1352 502 1385 morti.

113 1415 148 1447 7.
184 1404 294 1436 Deerit
325 1404 533 1438 Beverlandi
563 1405 637 1439 MS.
673 1405 733 1451 qui

57 1454 160 1488 etiam
176 1465 317 1501 proestet.
339 1479 390 1484 --
408 1458 483 1492 Non
503 1458 640 1491 deerunt.
663 1459 733 1491 Alii

56 1507 205 1550 scilicet,
227 1511 287 1555 qui
309 1518 342 1543 te
364 1511 639 1544 comitabuntur.

112 1563 146 1596 8.
176 1562 284 1596 Cadat
309 1562 417 1597 idem.
444 1585 497 1590 —
520 1564 587 1598 Sed
608 1565 729 1598 leviore.

56 1613 124 1647 Sed
146 1615 264 1650 minor
286 1625 337 1650 est
354 1617 506 1650 aliorum
523 1619 678 1662 jactura,
697 1626 730 1650 et

56 1666 166 1701 levior
188 1668 272 1702 inde
299 1669 433 1703 invidia
458 1670 495 1703 in
522 1669 617 1704 deos.
637 1669 731 1704 Vide

56 1718 117 1753 lib.
140 1721 175 1762 Ι,
194 1721 303 1768 epigr.
325 1735 414 1764 xm,
434 1735 484 1756 vs.
507 1735 561 1756 10.

852 1099 885 1130 9.
910 1085 1066 1119 Animosa
1089 1085 1243 1130 pericula.
1274 1085 1314 1117 In
1346 1085 1477 1130 quibus

796 1151 886 1184 opus
922 1146 972 1171 est
1004 1150 1128 1183 magna
1169 1137 1393 1171 fortitudine.
1423 1159 1474 1163 —

801 1193 923 1225 Tuscis.
967 1191 1172 1236 Ingentibus
1210 1199 1245 1224 et
1275 1191 1478 1231 ferocibus.

795 1245 913 1291 quales
951 1244 1059 1278 habet
1096 1244 1256 1277 Tuscia:
1287 1244 1349 1278 lib.
1378 1245 1472 1284 VII,

794 1298 902 1344 epigr.
923 1309 1022 1331 xxvn
1037 1309 1046 1330 .-
1065 1314 1078 1327 «
1095 1297 1217 1331 Tuscae
1235 1296 1370 1342 glandis
1388 1308 1472 1342 aper

792 1351 997 1396 populator.
1019 1367 1033 1380 ι»
1065 1351 1205 1396 Legunt
1227 1350 1306 1391 alii,
1331 1358 1364 1383 tu
1386 1353 1470 1389 scis,

792 1404 860 1437 hoc
879 1412 946 1445 est,
969 1412 1005 1437 tu
1026 1403 1155 1437 novisti
1175 1416 1251 1436 rem
1274 1403 1321 1436 ita
1347 1415 1384 1436 se
1407 1403 1470 1437 ha·

792 1457 885 1491 bere.
905 1457 1018 1502 Eligat
1035 1457 1159 1490 lector.

851 1522 906 1544 10.
931 1511 1045 1543 Tutior
1059 1518 1106 1542 est
1123 1512 1236 1542 virtus.
1254 1510 1343 1543 Nam
1360 1510 1403 1542 ab
1418 1509 1469 1542 in-

791 1563 888 1597 sidiis
905 1564 1013 1609 magis
1028 1563 1094 1596 sibi
1110 1571 1253 1596 caveant
1271 1570 1471 1596 venatores.

850 1628 905 1650 η.
927 1617 1076 1662 Equitem
1095 1629 1246 1661 rumpere.
1266 1616 1309 1648 In
1331 1615 1395 1648 hac
1416 1616 1467 1648 le-

791 1682 919 1715 porum
951 1669 1136 1704 venatione
1166 1669 1291 1714 saepius
1323 1676 1469 1702 venator

791 1723 950 1756 incautus
971 1722 1095 1768 periit,
1115 1734 1218 1768 quam
1241 1722 1355 1766 lepus.

696 1876 832 1931 XV.

529 2030 960 2060 ADULATORIUM.
978 2008 999 2029 ⁴*

193 2162 441 2220 QmDQUlD
471 2163 701 2207 Parrhasia
724 2162 889 2206 nitebat
913 2161 1034 2219 aula,

193 2234 418 2277 Donatum
443 2243 509 2278 est
533 2232 693 2289 oculis,
719 2234 909 2295 Deisque
935 2233 1108 2278 nostris.

192 2304 380 2348 Miratur
408 2304 633 2365 Scythicas
655 2304 834 2348 virentis
856 2305 952 2348 auri

106 2434 121 2449 *
150 2440 305 2476 Raderus
337 2442 405 2477 hoc
435 2443 650 2489 epigramma
682 2442 727 2476 ad

54 2491 247 2538 Trajanum
263 2495 389 2537 refert;
407 2509 472 2530 nec
490 2495 727 2530 adulatorium

55 2556 126 2578 esse
153 2545 260 2589 dicit,
286 2547 348 2581 sed
370 2549 581 2584 historicum
609 2549 727 2595 potius

54 2607 87 2631 et
111 2611 246 2634 verum.

111 2664 142 2686 1.
171 2653 358 2687 Parrhasia.
389 2653 431 2688 Id
464 2663 531 2697 est,
556 2654 728 2697 Palatina;

787 2441 859 2476 vid.
881 2440 925 2475 ad
943 2441 1003 2479 lib,
1021 2442 1114 2483 VII,
1138 2442 1245 2488 epigr.
1266 2453 1327 2474 LVI
1339 2466 1348 2483 ‚
1363 2453 1412 2474 vs.
1429 2454 1461 2473 2.

843 2508 875 2528 2.
897 2496 1059 2528 Donatum
1089 2503 1137 2527 est
1168 2495 1276 2527 oculis.
1304 2493 1462 2539 Templis

788 2556 1029 2582 consecratum
1060 2556 1112 2582 est
1142 2548 1184 2581 ab
1205 2547 1301 2581 omni
1325 2547 1458 2592 populo

787 2600 1031 2648 spectandum.

845 2654 876 2688 3.
889 2655 1084 2694 libratum-0
1098 2661 1209 2698 stupet.
1222 2653 1306 2688 Non
1315 2651 1390 2687 sine
1401 2650 1463 2685 ad-
