2044 3292
894 204 954 245 M.
983 203 1059 246 VA
1076 203 1123 245 L.
1165 202 1558 246 MARTIALIS

1114 352 1345 410 XLIII.

1024 510 1079 537 IN
1120 508 1429 537 SABELLUM.

696 638 945 679 FACUNDos
973 634 1076 677 milii
1106 633 1160 676 de
1191 632 1429 676 libidinosis

696 706 854 766 Legisti
881 705 1060 748 nimium
1078 740 1088 760 ,
1116 702 1309 759 Sabelle,
1333 720 1510 747 versus:

692 775 856 832 Quales
886 792 966 819 nec
992 774 1173 836 Didymi
1199 775 1341 819 sciunt
1367 773 1519 835 puellae
1537 811 1547 829 ‚

691 849 783 891 Nec
808 845 961 890 molles
987 845 1302 907 Elephantidos
1329 844 1473 889 libelli.

693 919 805 961 Sunt
832 916 916 961 illic
938 918 1122 961 Veneris
1149 933 1274 961 novae
1303 916 1454 977 figurae
1478 953 1488 969 ‚

692 987 855 1045 Quales
880 988 1076 1049 perditus
1102 987 1262 1031 audeat
1286 987 1456 1031 fututor
1476 1005 1485 1039 3

692 1061 902 1103 Praestent
933 1069 976 1103 et
1004 1068 1178 1102 taceant
1207 1057 1311 1119 quid
1337 1057 1493 1101 exoleti
1516 1077 1526 1111 3

688 1131 791 1187 Quo
815 1129 1131 1191 symplegmate
1155 1130 1347 1190 quinque
1369 1127 1656 1189 copulentur3

693 1200 793 1257 Qua
818 1199 965 1261 plures
988 1209 1221 1243 teneantur
1250 1216 1273 1242 a
1300 1209 1479 1253 catena3

695 1272 966 1314 Exstinctam
994 1270 1120 1314 liceat
1150 1270 1251 1331 quid
1278 1270 1332 1314 ad
1354 1269 1589 1314 lucernam.
1911 1297 1942 1311 ω

691 1342 819 1385 Tanti
845 1358 934 1385 non
958 1351 1051 1385 erat
1080 1357 1173 1385 esse
1199 1350 1242 1384 te
1272 1340 1493 1384 disertum.

575 1495 605 1515 1.
637 1482 818 1515 Facundos.
855 1483 947 1515 Raro
987 1481 1121 1515 dictum
1155 1481 1198 1515 de

518 1535 675 1569 versibus
691 1548 699 1567 ε
716 1537 751 1570 τὸ
761 1537 924 1578 facundus
940 1535 1112 1581 significat
1127 1535 1198 1568 vim

517 1588 597 1633 styli
614 1588 758 1621 multam
774 1596 808 1621 et
822 1589 858 1622 in
875 1587 1079 1622 enarrandis
1094 1589 1198 1621 rebus

517 1649 575 1674 aut
593 1640 834 1675 describendis
856 1641 964 1675 modo
993 1642 1198 1687 elegantiam

517 1695 712 1727 elucescere
721 1719 730 1736 ,
741 1694 851 1728 modo
861 1694 1113 1728 vividissimam
1126 1695 1197 1728 elo-

516 1747 708 1792 quentiam.

572 1801 606 1834 3.
630 1801 786 1846 Dindymi
816 1800 933 1845 vulgg.
967 1801 1098 1847 Ordimi
1123 1801 1199 1833 vult

514 1853 665 1898 Scaliger
691 1853 736 1887 ad
766 1853 958 1888 Catullum.
989 1875 1041 1880 -
1065 1853 1200 1899 Didymi

514 1907 754 1951 sciuntpuelloe.
770 1906 935 1952 Spintriae
951 1907 1071 1940 nescio
1086 1908 1199 1951 cujus,

515 1960 716 1993 monstrosi.

571 2017 603 2053 4,
627 2012 860 2057 Elephantidos
886 2012 995 2045 libelli.
1019 2012 1169 2045 Poetriae
1187 2036 1196 2049 .,

515 2078 593 2110 quae
611 2065 713 2099 libris
728 2066 798 2098 suis
817 2065 986 2110 expressit
997 2066 1128 2098 ποικίλα
1141 2068 1196 2103 τῆς

514 2114 695 2164 Ᾱφροὸίτης
726 2117 781 2151 καὶ
810 2119 988 2156 ἀκολασίαις
1013 2120 1172 2162 σχήματα
1188 2143 1197 2157 ,

515 2170 717 2217 cujusmodi
737 2172 858 2217 figuris
880 2179 914 2204 et
934 2171 1117 2204 schematis
1137 2183 1197 2203 cu-

516 2225 632 2258 bicula
658 2237 719 2258 sua
747 2224 914 2258 instruxit
931 2224 1096 2258 Tiberius
1122 2224 1198 2258 Cae-

515 2278 707 2311 sar.Tace0
721 2277 858 2311 Aretini
875 2278 1024 2310 nefarias
1041 2277 1194 2310 tabellas.

516 2330 609 2364 Vide
630 2331 658 2365 si
678 2331 791 2376 placet
809 2343 888 2376 quae
910 2330 1045 2364 notavit
1067 2330 1193 2364 Casan·

508 2385 626 2417 honus
647 2382 691 2416 ad
711 2396 786 2429 cap.
810 2383 855 2424 43
879 2384 1022 2417 Sueton.
1038 2383 1194 2423 Tiberii,

514 2450 556 2470 ex
590 2437 796 2483 Propertio,
825 2437 1007 2471 Clemente
1044 2437 1192 2470 Alexan-

515 2489 639 2531 drino,
660 2499 725 2523 etc.

569 2544 604 2575 5.
624 2543 743 2576 Nos-em
764 2543 873 2577 Scriv.
889 2544 982 2587 legit.

567 2603 598 2633 7.
623 2597 764 2629 Tace-<1121
782 2597 860 2643 quid
874 2597 998 2630 mulcti.
1015 2597 1067 2630 An
1081 2605 1195 2630 tacent

1258 1481 1397 1528 pudore
1426 1481 1568 1515 inhibiti
1598 1480 1665 1526 ipsi
1687 1480 1837 1514 exoleti?
1857 1481 1940 1515 Em-

1259 1535 1411 1580 phatice.
1431 1533 1568 1568 dictum
1589 1533 1696 1574 illud,
1718 1534 1770 1568 uti
1788 1534 1849 1568 lib.
1867 1535 1940 1576 111,

1260 1589 1369 1633 epigr.
1384 1600 1471 1621 xcvi
1487 1587 1502 1620 Ρ

1316 1643 1349 1675 8.
1370 1640 1581 1686 Symplegade
1612 1640 1721 1674 ScriV.
1761 1640 1817 1675 ed.
1843 1641 1940 1674 haud

1261 1693 1333 1727 scio
1346 1719 1355 1733 ‚
1373 1706 1444 1739 quo
1460 1702 1613 1728 auctore.
1632 1693 1757 1727 Sclzrev.
1775 1695 1817 1727 In
1832 1707 1940 1739 marg.

1259 1746 1314 1780 ed.
1332 1747 1457 1791 Langii
1474 1747 1547 1791 Qua
1561 1746 1840 1792 Symplegada—
1852 1747 1943 1794 §tym-

1255 1800 1416 1844 plegmate
1431 1827 1437 1833 .
1452 1827 1458 1833 .
1474 1827 1480 1832 .
1502 1800 1575 1844 Qua
1594 1801 1722 1844 plures,
1743 1809 1809 1834 etc.
1831 1800 1940 1834 Sella-

1258 1853 1326 1886 rias
1357 1853 1437 1886 isias
1465 1865 1504 1886 nc
1531 1852 1636 1886 series
1668 1853 1820 1898 turpiter
1855 1866 1942 1887 con-

1258 1918 1433 1939 nexorum
1447 1932 1456 1947 ,
1470 1905 1574 1939 nimis
1587 1914 1707 1951 aperte
1724 1906 1833 1939 refert
1843 1905 1939 1941 Suet.

1259 1959 1415 1999 Tiberii,
1433 1971 1508 2004 cap.
1531 1958 1576 1998 [53
1594 1973 1599 1990 :
1614 1953 1797 2004 Ᾱφροὸίτην
1813 1961 1936 1995 ταύτην

1259 2013 1311 2046 ἐπὶ
1322 2016 1361 2056 τῇ
1373 2016 1543 2056 συμπλοκῇ
1555 2008 1734 2057 δεδεμένην
1744 2020 1941 2046 exsecratur

1257 2063 1940 2111 ClemensAlexandrinus,Hpotpsntixfp

1259 2117 1301 2150 ad
1328 2118 1481 2151 Graecos.

1318 2183 1369 2204 lo.
1395 2171 1611 2204 Exi-tinctam.
1649 2172 1812 2204 Lucerna
1853 2179 1939 2205 teste

1259 2225 1366 2269 vulgo
1394 2224 1677 2258 concumbebant
1704 2232 1738 2257 et
1759 2223 1795 2256 in
1819 2225 1939 2257 multi-

1257 2277 1343 2320 plici
1373 2277 1540 2322 nequitiae
1560 2276 1668 2310 modo
1696 2278 1937 2310 versabantur.

1255 2329 1384 2363 Noster
1395 2330 1459 2368 XI,
1471 2342 1540 2369 c1v,
1553 2332 1574 2364 6
1588 2341 1595 2363 :
1613 2347 1626 2359 α
1635 2330 1692 2363 Me
1703 2331 1801 2374 juvat
1811 2328 1938 2363 admis-

1255 2395 1289 2416 sa
1303 2395 1468 2427 rumpere
1479 2383 1554 2416 luce
1562 2383 1663 2416 latus.
1673 2400 1685 2412 ι·
1694 2381 1760 2416 Sed
1771 2382 1938 2417 exstincta

1255 2448 1306 2476 ea,
1317 2435 1432 2469 minor
1442 2434 1557 2469 adhuc
1570 2435 1718 2481 pudoris
1727 2436 1936 2469 reverentia.

1311 2502 1322 2522 1
1333 2501 1361 2522 1.
1379 2490 1476 2521 Tanti
1487 2502 1548 2521 non
1560 2498 1628 2522 erat
1639 2516 1647 2528 ,
1669 2498 1733 2523 etc.
1746 2489 1827 2522 Non
1840 2497 1936 2522 erant

1257 2543 1329 2575 haec
1346 2541 1450 2586 digna
1469 2555 1544 2588 quae
1565 2543 1650 2576 tanti
1671 2542 1802 2588 ingenii
1819 2542 1938 2587 labore

1258 2595 1528 2629 illustrarentur.
