2044 3292
499 185 595 231 266

874 189 935 231 M.
963 189 1099 232 VAL.
1141 189 1531 233 MARTlALIS

999 339 1364 398 CLXXXI.

846 496 1107 526 LEANDER
1146 477 1556 528 MAnnioREus.*

569 624 834 666 CLAMABAT
866 621 1044 666 tumidis
1072 621 1214 666 audax
1236 622 1437 667 Leander
1460 624 1503 666 in
1531 622 1681 676 undis;

634 693 822 753 Mer-gite
853 709 923 736 me
949 692 1131 748 fluctus,
1151 709 1286 754 quum
1313 693 1532 738 rediturus
1556 710 1645 738 ero.

570 833 860 892 Καρτερόφρων
884 829 981 875 ἐὲόα
1006 827 1223 893 Λείανδρος
1249 836 1288 876 ἐν
1315 827 1479 893 οἴδμασι
1506 835 1684 892 μέσσοις,

638 897 768 953 Κλύζε
797 921 869 962 με,
900 909 1030 962 κῦμα,
1061 897 1228 963 &duo-23⁷
1257 903 1312 962 ἂψ
1344 904 1667 963 ἀπονισσόμενον.

555 1038 568 1052 ¹
585 1042 810 1088 Epigramma
830 1042 874 1077 de
896 1052 1009 1078 statua
1025 1057 1177 1078 marmo-

501 1108 561 1129 rea
586 1095 738 1130 Leandri
768 1097 1059 1139 celeberrimum,
1080 1105 1115 1131 et
1140 1106 1179 1132 ut

504 1149 618 1183 Graeci
643 1149 764 1192 aiunt,
783 1151 1046 1196 πολυθρύλλητον·
1071 1151 1108 1184 in
1136 1162 1178 1184 eo

506 1202 600 1235 enim
632 1215 777 1236 acumen
809 1211 844 1236 et
869 1203 987 1249 lepos,
1011 1203 1179 1237 calliditas

507 1263 541 1288 et
564 1256 747 1298 mollities;
775 1257 823 1290 ita
842 1265 881 1290 ut
904 1269 981 1291 acre
1001 1256 1180 1302 quoddam

507 1308 634 1353 sapiat,
657 1308 758 1343 dulce
782 1308 961 1355 quoddam
984 1311 1102 1355 spiret.
1127 1310 1180 1344 En

507 1374 589 1395 sane
604 1362 699 1408 quod
712 1389 722 1404 ‚
738 1363 798 1396 lib.
814 1364 848 1403 I,
867 1362 936 1396 Sat.
959 1363 991 1395 X
1002 1390 1010 1404 ,
1027 1368 1072 1405 44
1088 1390 1097 1405 ,
1111 1363 1183 1397 Ho-

508 1415 615 1449 ratius
633 1424 734 1449 vocat
756 1416 846 1449 molle
865 1424 957 1462 atque
967 1417 1121 1458 facetum.

567 1481 596 1501 1.
619 1469 780 1502 Leandros
797 1467 875 1503 cod.
894 1470 1028 1503 Beverl.
1047 1470 1087 1502 In
1105 1469 1183 1514 qui-

510 1520 655 1554 busdam
680 1521 783 1555 codd.
810 1523 926 1555 forsan
947 1522 1110 1556 Leandrm
1130 1522 1183 1555 in-

511 1575 710 1608 veniretur:
732 1574 929 1608 istiusmodi
952 1575 1046 1608 enim
1068 1574 1184 1621 dupli-

510 1639 584 1660 cem
605 1629 888 1662 terminationem
908 1629 1060 1662 latinitas
1077 1629 1113 1661 in
1132 1628 1186 1661 his

510 1680 657 1715 vocibus
672 1681 752 1714 tulit
767 1707 776 1723 ,
795 1694 872 1728 quae
893 1694 1001 1727 quum
1022 1694 1038 1714 a
1055 1681 1187 1715 Graecis

512 1735 548 1766 in
565 1747 636 1779 τρες
654 1742 687 1767 et
704 1731 777 1779 δρῦς
800 1735 987 1768 clausulam
1007 1747 1104 1767 suam
1126 1734 1188 1767 ha-

512 1787 655 1827 berent,
672 1788 707 1820 in
731 1795 777 1820 ter
795 1796 853 1821 aut
875 1787 930 1819 der
948 1788 1048 1821 facile
1072 1795 1188 1820 muta·

512 1840 651 1872 bantur.
672 1842 817 1886 Itaque,
839 1841 990 1886 exempli
1010 1841 1117 1886 gratia
1132 1865 1141 1880 ,
1170 1853 1186 1872 a

513 1890 702 1938 Μαίανδρος
727 1903 760 1926 et
790 1895 958 1939 Κάϋστρις
985 1894 1094 1935 facta,
1115 1902 1188 1926 tuin

513 1945 680 1979 Maeander
706 1954 736 1978 et
767 1947 902 1994 Cayster
931 1945 974 1979 ad
1001 1946 1187 1980 latinarum

514 2011 639 2032 vocum
662 2000 897 2034 imitationem
912 2012 1000 2044 puer,
1024 2002 1184 2044 magister,

514 2060 587 2084 tum
605 2052 810 2092 Maeandrus,
829 2053 994 2099 farsitus,
1013 2053 1122 2097 inagis
1142 2053 1187 2085 si-

513 2104 609 2137 milia
638 2105 779 2139 Graecis.
807 2127 857 2132 ——
879 2106 1002 2138 Audaae
1029 2106 1184 2138 Leander.

515 2157 656 2203 Quippe
674 2171 710 2191 se
730 2158 817 2191 mari
843 2166 1020 2192 commoto
1041 2158 1187 2191 commi-

514 2219 625 2252 serat,
651 2210 763 2244 media
791 2211 932 2254 hieme,
958 2211 1188 2256 spirantibus-

513 2276 581 2308 que
604 2264 764 2303 Austris,
789 2277 904 2309 neque
926 2264 1036 2297 ullum
1057 2264 1188 2297 habens

514 2317 683 2350 auxilium
702 2317 769 2350 nisi
791 2317 1031 2351 sublucentem
1055 2330 1188 2350 summa

516 2371 551 2403 iu
563 2371 651 2404 turri
664 2370 839 2404 lucernam
851 2396 859 2410 ‚
869 2369 1026 2404 aditurus
1036 2371 1187 2415 puellam

514 2435 617 2468 quam
633 2423 875 2469 deperibat.V.
886 2424 952 2468 Ep.
965 2424 1029 2456 Ov.
1046 2424 1185 2463 XVIII,

520 2489 533 2510 1
561 2489 630 2522 seq.
649 2490 657 2510 ;
680 2494 692 2506 «ι
709 2477 818 2510 Mittit
840 2476 1029 2523 Abydenus
1043 2502 1052 2517 ‚
1084 2489 1187 2522 quani

515 2530 630 2563 mallet
650 2531 760 2571 serre,
778 2530 944 2566 salutem,
963 2529 996 2563 Si
1021 2528 1117 2563 cadat
1140 2530 1186 2562 ira

516 2585 638 2625 maris,
653 2583 748 2617 Sesta
766 2584 880 2628 puella
894 2583 980 2625 ‚tibi¹
991 2601 1002 2611 ιι
1013 2582 1187 2616 Videatur

1237 1054 1271 1080 et
1309 1046 1431 1079 Musaei
1468 1044 1763 1090 elegantissimum
1789 1055 1913 1089 poema

1237 1097 1282 1132 de
1307 1098 1457 1133 Heronis
1479 1107 1514 1132 et
1535 1095 1689 1131 Leandri
1708 1097 1883 1131 amoribus
1904 1122 1913 1136 ,

1238 1153 1340 1197 cujus
1375 1150 1462 1185 illud
1503 1151 1667 1185 initium:
1705 1150 1808 1191 Εἰπὲ,
1833 1149 1915 1192 θεὰ,

1240 1206 1370 1250 κρυφίων
1401 1204 1602 1250 ἐπιμάρτυρα
1624 1205 1735 1247 λύχνον
1762 1202 1886 1248 ἐρώτων
1904 1227 1914 1243 ,

1241 1266 1274 1291 et
1306 1258 1467 1303 inprimis
1494 1265 1667 1290 extremos
1691 1268 1831 1298 versus,
1855 1255 1914 1288 ubi

1242 1311 1431 1356 procellam
1447 1310 1613 1344 describit
1628 1318 1664 1343 et
1678 1320 1796 1355 preces
1808 1309 1914 1341 Lean-

1244 1363 1316 1397 dri:
1329 1364 1512 1402 Αίνωταθὴς
1522 1360 1562 1396 δὲ
1573 1360 1735 1408 Λέανὸρῡς
1748 1362 1914 1400 ἀκηλήτοις

1244 1418 1287 1450 ἐνὶ
1306 1415 1410 1456 δίναις
1432 1417 1572 1450 nouam
1593 1417 1649 1462 μὲν
1674 1415 1839 1448 λιτοίνευσε
1858 1417 1915 1447 θα.-

1241 1471 1399 1506 >aecus-m
1415 1465 1609 1515 Ᾱφροδίτην,
1620 1464 1806 1502 nomm&
1823 1468 1915 1500 αὐτὸν

1247 1525 1374 1557 ἄνακτα
1386 1519 1601 1557 Ποσειδάωνα.
1609 1522 1791 1562 θαλάσσης,
1805 1534 1834 1553 κ.
1847 1524 1915 1553 τ.)..

1304 1590 1317 1609 2
1327 1603 1333 1609 .
1352 1577 1456 1619 Quum
1479 1576 1634 1608 rediturus
1650 1587 1714 1607 ero·
1727 1574 1805 1608 Sive
1821 1571 1917 1619 quod

1246 1629 1294 1663 sic
1322 1629 1511 1674 voluptatis
1537 1627 1641 1661 modo
1660 1634 1833 1673 perceptae
1856 1624 1918 1658 ad-

1247 1682 1316 1715 huc
1335 1695 1470 1715 memor
1490 1690 1524 1715 et
1546 1681 1644 1726 quasi
1662 1681 1804 1726 plenus,
1823 1690 1917 1713 emo-

1246 1735 1316 1768 riar
1342 1735 1441 1776 felix3
1472 1735 1543 1768 sive
1564 1732 1660 1779 quod
1684 1732 1805 1766 mortis
1835 1743 1920 1764 meae

1247 1789 1412 1822 nuntium
1435 1787 1544 1821 serius
1570 1786 1683 1832 puella
1704 1784 1842 1824 audiet,
1867 1796 1920 1817 se-

1248 1842 1321 1875 rius
1356 1841 1491 1874 mortui
1522 1840 1660 1873 tumulo
1689 1836 1918 1872 illacrimahit.

1247 1893 1346 1927 Idem
1378 1895 1449 1927 fere
1477 1904 1676 1939 quanquam
1705 1891 1780 1924 aliis
1807 1889 1921 1923 verbis

1247 1960 1351 1992 supra
1361 1946 1508 1988 dixerat,
1519 1945 1806 1991 Spectaculorum
1815 1943 1921 1983 libro,

1247 2000 1356 2046 epigr.
1375 2013 1441 2033 xxv
1456 2012 1464 2033 :
1483 2014 1496 2026 «
1514 1999 1634 2040 Quum
1650 2004 1787 2043 peteret
1804 1994 1921 2029 dulces

1247 2052 1356 2086 audax
1376 2051 1556 2086 Leandrus
1577 2063 1711 2084 amores
1723 2075 1732 2090 ‚
1751 2050 1796 2082 Et
1815 2049 1922 2082 fessus

1247 2105 1390 2140 tumidis
1406 2107 1476 2151 jam
1496 2111 1712 2150 premeretur
1728 2101 1846 2147 aquis,
1866 2101 1922 2134 Sic

1248 2159 1351 2193 miser
1372 2159 1542 2191 instantes
1562 2157 1687 2190 affatus
1708 2154 1838 2189 dicitur
1855 2166 1922 2187 un-

1247 2211 1323 2245 das:
1335 2211 1480 2251 Parcite,
1491 2210 1575 2244 dum
1587 2220 1756 2255 propero;
1766 2207 1923 2253 mergite,

1247 2263 1331 2298 dum
1351 2263 1468 2297 redeo.
1484 2282 1495 2293 »ι
1516 2262 1622 2305 Quod
1643 2264 1868 2307 antiquorum
1891 2269 1924 2293 et

1247 2318 1480 2352 recentiorum
1494 2316 1600 2350 flores
1618 2314 1850 2360 undequaque
1865 2311 1924 2346 de-

1246 2371 1359 2404 libans
1382 2371 1524 2402 Voleaire
1542 2370 1590 2403 sic
1608 2368 1763 2402 imitatus
1781 2375 1843 2401 est.

1301 2428 1416 2452 Le'anxlre
1431 2447 1436 2457 ,
1453 2427 1558 2452 canduit
1574 2435 1621 2460 par
1639 2425 1755 2455 l'amour„

1302 2483 1338 2505 lin
1358 2486 1464 2513 nageant
1483 2479 1559 2503 :lusniz
1575 2488 1623 2502 aux
1642 2486 1752 2510 enges',

1301 2533 1465 2557 Lanam-immi
1482 2541 1574 2564 gagncr
1587 2530 1622 2555 les
1642 2530 1756 2563 rivagcs:

1304 2587 1331 2607 N·
1356 2595 1393 2609 nn*
1410 2594 1488 2608 nou-L
1505 2583 1561 2615 qn'.=
1577 2592 1635 2607 niun
1653 2588 1737 2606 retour
1757 2579 1795 2603 Er·
