1901 3259
308 232 889 277 EPIGRAMMATUM
926 231 1051 274 LIB.
1090 230 1229 274 XIV.

1379 244 1474 289 217

669 381 872 439 XCII.

531 516 1019 576 QUINCUPEDALf

140 663 332 707 PUNCTA
362 664 476 707 notis
501 661 607 719 ilex,
633 673 676 707 et
704 672 833 707 acuta
856 661 1034 723 cuspide
1064 660 1235 715 clausa,

209 734 332 794 Saepe
359 733 647 795 redemptoris
679 733 865 795 prodere
896 733 1012 776 furta
1041 730 1165 776 solet.

139 872 328 919 Κεντητὴ
354 878 560 933 ςιγμαῖσι,
586 873 656 933 θοῇ
680 877 848 934 γλωχῒνι
875 867 1034 915 δεθεῖσα

210 943 374 1002 Πρῖνος,
402 939 537 1003 ἕλεγξε
561 949 719 993 πυκνῶς
745 939 980 1004 ἐργολάὲοιο
1008 942 1178 992 κλοπάς.

123 1075 137 1090 ¹
152 1081 206 1114 Al.
231 1081 455 1126 Quincupeda,
478 1088 516 1114 ut
539 1082 747 1126 Decempeda.

70 1134 180 1179 Marg.
205 1133 249 1166 ed
270 1134 347 1167 Par.
368 1136 463 1179 1617.
480 1151 494 1163 ιι
514 1134 582 1166 Alii
607 1134 750 1178 Quincu-

66 1186 162 1231 peda‚
178 1199 196 1218 a
215 1199 377 1220 mensura
393 1187 552 1232 quinque
569 1186 712 1232 pedum.
729 1205 743 1217 »

71 1238 226 1272 Sclzrevel.

124 1292 409 1338 —Quincupedak
422 1292 488 1325 Seu
502 1291 724 1338 quincupeda
736 1317 746 1332 ‚

72 1344 204 1389 pertica
226 1345 297 1378 scil.
323 1345 479 1390 quinque
503 1345 656 1391 pedum,
681 1358 749 1391 qua

71 1397 179 1431 moris
191 1406 264 1432 erat
280 1398 397 1432 metiri
410 1398 556 1432 aedificia
568 1425 577 1441 ‚
594 1411 673 1444 quae
692 1412 749 1432 ex·

809 1079 975 1115 struenda
1006 1078 1257 1113 conducebant
1286 1078 1488 1124 redempto—

807 1146 862 1167 res
873 1159 881 1175 ,
895 1146 939 1166 ne
954 1133 1086 1166 scilicet
1100 1132 1220 1165 dolose
1237 1139 1380 1177 agerent
1394 1141 1426 1165 et
1443 1131 1487 1164 de

808 1186 951 1220 materia
971 1184 1109 1231 aliquid
1128 1184 1364 1218 detraherent.

865 1252 895 1273 1.
925 1240 1051 1272 Puncta
1083 1242 1166 1271 notis
1198 1239 1269 1271 ileae.
1304 1238 1379 1270 Hoc
1411 1245 1460 1269 est
1477 1262 1486 1275 ,

808 1292 940 1338 pertica
971 1293 1059 1325 facta
1087 1304 1128 1325 ex
1161 1291 1240 1324 ilice
1267 1299 1301 1324 et
1323 1289 1487 1323 distincta

809 1345 916 1390 signis
927 1345 1045 1386 variis,
1058 1343 1208 1390 pedihus
1223 1356 1363 1389 nempe,
1374 1342 1490 1388 digitis

809 1407 843 1432 et
864 1399 999 1444 palmis.

656 1535 899 1593 XCIII.

425 1693 663 1723 POCULA
715 1693 1105 1723 ARCHETYPA.
1131 1674 1147 1689 ⁴*

144 1816 249 1860 NON
280 1825 344 1859 est
371 1817 454 1859 ista
478 1831 652 1872 recens,
678 1832 758 1860 nec
790 1816 927 1859 nostri
953 1815 1093 1876 gloria
1115 1813 1236 1868 caeli3

215 1886 385 1930 Primus
415 1887 459 1929 in
489 1886 555 1930 his
580 1887 775 1944 Mentor,
795 1886 898 1930 dum
927 1885 1035 1930 facit
1064 1884 1134 1929 illa
1151 1921 1162 1941 ,
1186 1885 1308 1929 bibit,

145 2029 205 2069 Οὐ
235 2028 318 2070 νέον
349 2028 425 2077 ἔσς’,
451 2027 532 2070 οὔθ’
557 2029 752 2089 ἡμετέρου
779 2029 938 2087 neg-pono
970 2027 1145 2086 πόνημα·

258 2102 312 2140 ῒνε
339 2097 468 2141 πάλαι
490 2099 666 2158 Μέντωρ
693 2092 823 2142 τοῖσδ’
850 2099 928 2151 ἔνι,
954 2104 1090 2141 ταῦτα
1117 2101 1256 2141 ποιῶν.

128 2232 142 2244 ”
159 2236 281 2268 Pocula
310 2237 492 2282 archetypa.
514 2238 566 2269 De
593 2237 751 2282 archety-

15 2328 23 2331 ἡ
74 2287 128 2332 pis
143 2288 284 2333 copiose
296 2289 367 2334 jam
386 2289 519 2334 egimus
538 2288 581 2322 ad
597 2290 752 2331 lib.VII,

75 2352 131 2386 ep.
158 2354 215 2382 251,
235 2341 411 2383 lib.VIIl,
431 2354 484 2387 ep.
506 2355 543 2375 VI
569 2351 603 2376 et
633 2354 751 2383 xxxiv,

75 2394 265 2437 praesertim
280 2394 342 2427 lib.
360 2395 431 2427 XII
443 2420 451 2435 ,
471 2395 581 2440 epigr.
599 2408 693 2428 LXIX.

134 2458 148 2478 1
158 2472 164 2479 .
183 2446 258 2479 Non
273 2455 345 2478 smel
360 2448 434 2480 vult
448 2448 486 2480 de
501 2449 604 2493 Rooy.
623 2449 752 2480 Dorica>

77 2510 142 2542 pro
162 2498 270 2542 glot-ia
290 2498 367 2531 cod.
396 2499 432 2532 in
460 2513 566 2545 marg.
592 2500 647 2534 ed.
673 2501 751 2534 Par.

84 2554 191 2595 1617.
213 2571 263 2577 —-
290 2551 382 2584 Caeli.
408 2552 516 2592 Quod
544 2563 595 2586 est
621 2554 752 2587 instru-

79 2612 235 2637 mentum
266 2604 467 2638 caelatorum
498 2618 570 2650 quo
591 2607 755 2652 sculpunt

812 2245 845 2270 et
872 2236 994 2270 caelant
1016 2249 1024 2269 ε
1046 2236 1114 2269 hoc
1145 2244 1196 2269 est
1218 2248 1225 2268 z
1247 2235 1328 2269 Haec
1362 2236 1488 2280 pocula

811 2302 883 2322 non
906 2297 986 2321 sunt
1013 2297 1141 2322 nostrae
1167 2289 1286 2321 aetatis.
1313 2289 1365 2321 De
1388 2288 1487 2320 Men-

812 2351 889 2375 tore
912 2342 1132 2375 nobilissimo
1154 2342 1314 2375 caelatore
1336 2340 1489 2373 diximus

811 2395 873 2428 lib.
892 2396 945 2427 III
958 2421 966 2435 ‚
982 2396 1090 2440 epigr.
1108 2406 1183 2427 xm.

867 2461 899 2480 2.
913 2448 1030 2480 filerc'lo
1043 2460 1107 2492 pro
1121 2447 1248 2480 Menwr
1260 2446 1399 2479 exhibet
1412 2444 1483 2478 MS.

812 2501 847 2533 in
881 2513 990 2546 marg.
1021 2500 1077 2533 ed.
1108 2500 1213 2532 Paris.
1243 2502 1351 2542 1617.
1380 2497 1486 2538 Quod

813 2554 950 2586 nullum
984 2565 1123 2585 sensum
1160 2552 1285 2591 habet,
1321 2563 1486 2594 respuew

814 2605 967 2651 dumque
988 2614 1049 2638 est.
