2044 3292
525 208 615 263 146

896 207 954 248 M.
985 206 1058 249 VA
1075 207 1124 248 L.
1166 205 1213 247 M
1227 204 1379 247 ARTl
1397 207 1425 246 A
1442 206 1548 248 LlS

1104 356 1336 414 XCVI.

1107 510 1334 538 CERVUS.

586 642 671 684 llic
698 647 790 681 erat
814 635 882 679 ille
913 645 986 678 tuo
1013 633 1226 687 domitus,
1252 636 1507 695 Cyparisso,
1541 635 1756 695 capistro?

656 713 723 751 An
754 707 890 767 magis
921 707 997 748 iste
1028 714 1153 755 tuus,
1179 703 1334 760 Silvia,
1360 721 1514 749 cervus
1547 704 1666 749 erat?

582 851 679 891 Μῶν
708 842 770 891 ὅδ’
799 848 863 894 ἔην
891 845 991 888 ποτὲ
1019 849 1119 887 σοῖσι
1147 838 1310 903 δαμεὶς,
1339 845 1594 904 Κυπάρισσε,
1618 839 1856 895 λεπάδνοιςς

651 905 690 961 ΙῖΙ
717 912 782 961 ὅδε
810 919 875 967 σὸς
902 918 1053 975 μᾶλλον
1074 950 1082 966 ,
1111 912 1278 969 Σιλὲία,
1304 913 1349 962 ἦν
1377 917 1548 974 ἕλαφοςς

563 1072 579 1092 2
589 1086 595 1091 .
605 1059 717 1098 Silvia,
734 1069 833 1091 soror
846 1053 1045 1101 Tyrrhidae,
1056 1054 1188 1099 Tyrrhi

518 1112 603 1146 filia.
614 1113 667 1145 De
675 1123 742 1157 qua
756 1110 858 1155 Virg.
876 1110 956 1141 AEu-
974 1107 1063 1140 VIII
1075 1132 1084 1148 ,
1098 1108 1186 1152 487:

512 1164 721 1199 «Adsuetum
736 1161 890 1208 imperiis
904 1173 1003 1194 soror
1014 1159 1111 1193 omni
1126 1160 1190 1193 Sil-

511 1219 566 1252 via
580 1230 664 1252 cura
679 1216 849 1250 Mollibus
867 1214 1026 1247 intexens
1042 1213 1190 1246 ornabat

512 1283 641 1306 cornua
662 1270 769 1304 sertis.
788 1266 972 1301 n--Selvia
992 1273 1092 1298 certus
1112 1265 1187 1299 MS.

512 1326 595 1358 Bev.
609 1345 645 1350 -
656 1322 784 1357 Cervus.
800 1319 929 1355 Similis
939 1318 990 1352 illi
1005 1331 1109 1364 quem
1124 1317 1188 1351 dc«

512 1385 647 1411 muerat
657 1375 864 1422 Cyparissus
874 1400 882 1415 ‚
892 1372 936 1406 cle
944 1385 1013 1418 quo
1022 1371 1087 1405 Ov.
1101 1371 1186 1404 Met.

1250 1054 1282 1086 X
1292 1080 1301 1095 ‚
1317 1067 1329 1088 1
1343 1066 1399 1087 20.
1418 1052 1507 1087 «Sed
1518 1062 1632 1087 tamen
1646 1062 1724 1088 ante
1737 1053 1838 1093 alios,
1849 1053 1928 1087 Ceae

1250 1107 1487 1152 pulcherrime
1508 1107 1641 1153 gentis,
1673 1107 1800 1141 Gratus
1831 1115 1904 1140 erat
1918 1132 1926 1146 ‚

1252 1160 1437 1206 Cyparisse
1449 1186 1458 1201 ‚
1476 1159 1539 1193 tibi
1556 1173 1564 1194 ;
1580 1168 1617 1193 tu
1635 1160 1762 1205 pabula
1784 1171 1928 1193 cervum

1250 1211 1304 1246 Ad
1323 1225 1413 1246 nova
1425 1238 1434 1255 ,
1455 1221 1491 1246 tu
1508 1212 1632 1259 liquidi
1653 1211 1806 1246 ducebas
1823 1211 1928 1246 fontis

1249 1264 1294 1299 ad
1318 1264 1476 1299 undam«
1494 1291 1503 1308 ‚
1525 1274 1588 1300 etc.
1604 1266 1671 1300 Vel
1699 1265 1847 1299 similior
1876 1265 1927 1298 illi

1249 1331 1355 1364 quem
1369 1331 1522 1353 caussam
1537 1319 1617 1352 belli
1634 1318 1738 1353 fuisse
1750 1317 1926 1352 dicitVir-

1249 1371 1352 1417 gilius
1372 1371 1510 1407 AEneid.
1527 1373 1607 1405 VII.
1627 1370 1710 1407 Vid.
1725 1383 1839 1418 supra.

1076 1491 1350 1548 XCVII.

1100 1650 1346 1678 LALISIO.

586 1782 735 1836 QUUM
764 1785 888 1819 tener
917 1783 982 1818 est
1007 1789 1195 1834 onager,
1228 1772 1403 1834 solaque
1431 1773 1567 1817 lalisio
1597 1784 1735 1818 matre

654 1848 876 1901 Pascitur3
903 1845 987 1888 hoc
1011 1844 1175 1901 infans,
1201 1844 1274 1889 sed
1302 1845 1433 1888 breve
1457 1861 1616 1889 nomeu
1638 1845 1782 1890 habet.

587 1988 730 2046 Μούψῃ
758 1988 828 2034 ἕως
852 1985 1040 2043 τρέφεται
1065 1990 1114 2043 τῇ
1137 1985 1259 2044 μητρὶ
1280 1985 1485 2038 λαλίσιος,
1511 1985 1613 2044 ἴσχει

661 2057 829 2113 Οὔνομα
858 2055 971 2097 τοῦτ’
1000 2054 1167 2114 ὅνοιγρος
1193 2056 1354 2107 νήπιος,
1381 2054 1485 2097 ἀλλὰ
1513 2056 1655 2114 βραχύ.

578 2211 607 2232 1.
634 2197 718 2229 Dum
730 2192 806 2227 MS.
823 2193 959 2226 Beverl.
978 2213 1028 2218 —-
1048 2193 1191 2236 Onager.

522 2242 695 2286 Silvfffstris
733 2246 849 2280 asinus
877 2244 921 2278 de
955 2256 1024 2290 quo
1057 2244 1192 2278 Plinius

519 2305 580 2338 lib.
616 2301 725 2341 XIII,
757 2311 830 2344 cap.
864 2302 936 2339 44:
961 2315 974 2327 α
991 2297 1130 2343 Onagro
1158 2306 1192 2331 et

522 2358 614 2392 asina
625 2353 763 2401 genitus
779 2363 899 2385 omnes
908 2351 1092 2384 antecellit.
1103 2351 1193 2384 Ona-

522 2412 572 2456 gri
595 2411 630 2442 in
652 2405 803 2452 Phrygia
822 2412 855 2438 et
874 2404 1051 2450 Lycaonia
1069 2404 1193 2448 praeci-

524 2463 597 2510 μυί.
614 2460 720 2494 Pullis
733 2470 856 2492 eorum
873 2470 936 2491 ceu
951 2457 1193 2502 praestantibus

523 2527 645 2561 sapore
667 2512 781 2546 Africa
800 2510 969 2556 gloriatur
982 2536 990 2550 ,
1015 2522 1104 2554 quos
1121 2510 1193 2542 lali-

523 2571 635 2603 siones
658 2564 869 2612 appellant.»

581 2636 609 2653 zi.
628 2621 691 2653 11ιύ
707 2620 810 2659 ιἠΙέιηε
825 2615 900 2650 cod.
916 2615 1048 2649 Bevml.
1068 2616 1194 2649 Distin-

1252 2204 1355 2237 guere
1372 2193 1417 2225 ita
1439 2193 1511 2226 vult
1530 2192 1573 2226 de
1590 2195 1689 2238 Rooy
1701 2219 1710 2234 ‚
1730 2194 1786 2226 hoc
1802 2194 1925 2236 infans,

1252 2245 1309 2277 scd
1326 2245 1412 2278 breve
1424 2272 1431 2283 ‚
1454 2258 1562 2278 nomen
1579 2246 1681 2279 habet.
1693 2268 1744 2273 -—-
1759 2246 1826 2280 Sed
1841 2247 1928 2279 breve

1253 2311 1370 2331 nomen.
1389 2298 1465 2332 Hoc
1482 2307 1549 2341 est,
1566 2297 1626 2332 sed
1643 2311 1707 2345 per
1721 2299 1826 2333 breve
1844 2308 1927 2333 tem-

1252 2364 1335 2396 pus,
1367 2363 1518 2397 namque
1544 2353 1660 2385 statim
1689 2361 1793 2398 atque
1817 2353 1927 2387 lalisio

1252 2418 1269 2437 a
1293 2404 1379 2437 lacte
1404 2403 1606 2450 depellitur,
1623 2413 1768 2438 vocatur
1788 2417 1925 2450 onager.

1255 2458 1333 2490 Non
1359 2458 1462 2490 breve
1487 2470 1568 2503 ergo
1587 2470 1716 2491 nomen
1739 2466 1787 2491 est
1812 2457 1926 2503 quoad

1254 2510 1417 2554 syllabas,
1446 2523 1521 2556 quae
1552 2519 1633 2544 sunt
1661 2519 1833 2557 quatuor;
1850 2509 1927 2544 >sed

1255 2562 1368 2608 quoad
1392 2564 1560 2609 temporis
1579 2564 1748 2609 spatium,
1769 2576 1838 2609 quo
1859 2562 1925 2596 tlu-

1255 2624 1354 2649 rantc
1373 2616 1419 2649 sic
1440 2617 1549 2650 lalisio
1568 2615 1706 2650 dicitur.
