1901 3259
343 221 932 272 EPIGRAMMATUM
969 220 1093 262 LlB.
1134 218 1248 260 XII.
1432 212 1489 274 ,¹57

708 376 878 432 LXI.

599 522 665 550 DE
703 498 997 550 LIGURRA.*

306 645 512 698 VERSUS,
535 650 579 685 et
604 640 736 684 breve
767 637 1047 698 vividumque
1076 651 1273 687 carmen,

306 715 357 756 In
386 723 429 756 te
458 728 512 755 ne
544 711 699 755 faciam
728 710 875 765 times,
902 709 1109 768 Ligurra3

306 785 364 827 Et
391 783 547 843 dignus
574 784 695 842 cupis
724 780 809 824 hoc
839 788 958 823 metu
987 778 1145 821 videri:

309 853 393 897 Sed
424 852 584 896 frustra
609 851 786 906 metuis,
814 851 1021 910 cupisque
1052 847 1223 891 frustra.

307 924 360 966 In
389 932 537 966 tauros
558 921 710 982 Libyci
739 920 932 964 fremunt
956 918 1124 971 leones;

307 994 409 1037 Non
437 1001 538 1035 sunt
566 990 856 1052 papilionibus
882 989 1065 1033 molesti.

308 1065 516 1119 Quaeras,
541 1077 697 1105 censeo
712 1097 723 1115 ‚
744 1062 778 1104 si
801 1059 883 1121 legi
909 1059 1101 1110 laboras,

309 1134 435 1193 Nigri
463 1132 641 1176 fornicis
667 1131 834 1175 ebrium
861 1139 1058 1191 poetam3

309 1204 397 1260 Qui
425 1202 614 1247 carbone
640 1201 758 1257 rudi,
788 1202 990 1262 putrique
1015 1208 1133 1243 creta

312 1274 471 1318 Scribit
495 1273 709 1328 carmina,
736 1289 832 1332 quae
861 1271 1012 1331 legunt
1041 1278 1253 1315 cacantes.

312 1346 448 1388 Frons
473 1344 566 1388 haec
589 1344 791 1404 stigmate
814 1359 903 1386 non
932 1357 1031 1385 meo
1058 1338 1249 1384 notanda
1277 1346 1354 1381 est.

158 1480 172 1496 '⁰
201 1482 349 1516 Laesernt
375 1482 546 1528 quispiam
574 1482 713 1527 ineptus
744 1489 778 1514 et

104 1536 254 1570 insulsus
264 1535 479 1568 versificator
488 1542 626 1580 poetam
636 1560 645 1577 ‚
656 1546 697 1568 eo
707 1542 780 1567 tan-

105 1597 179 1622 tum
198 1588 267 1621 fine
279 1614 288 1631 ‚
306 1596 346 1621 ut
361 1587 516 1621 irritaret
534 1588 568 1620 in
588 1600 622 1621 se
640 1587 780 1620 Martia-

105 1642 175 1675 lem
195 1641 239 1674 ab
258 1652 367 1686 eoque
387 1640 595 1673 nominatim
614 1640 782 1673 refutare-

107 1703 174 1728 tur.
189 1695 294 1727 Poeta
311 1701 412 1738 negat
423 1705 458 1726 se
471 1706 534 1738 gry
551 1692 727 1726 dicturum
744 1692 780 1725 in

107 1760 204 1789 eum,
224 1758 329 1792 quem
350 1753 618 1779 contemnerent
637 1758 778 1785 omnes,

109 1800 174 1834 sibi
205 1811 346 1844 prorsus
378 1798 549 1843 imparem
578 1798 719 1843 ingenio
749 1806 783 1831 et

107 1852 284 1886 carmine:
308 1850 402 1896 quod
431 1863 537 1896 genus
563 1850 784 1884 contumeliae

108 1904 352 1951 gravissimum
382 1912 453 1945 est,
481 1916 552 1937 non
585 1902 698 1937 videri
729 1902 781 1936 di-

111 1970 240 2003 gnum,
263 1969 367 2002 quem
388 1957 503 1990 ultum
522 1969 589 1990 eas.
611 1956 730 1989 Rader.

168 2023 199 2043 1.
222 2010 266 2043 Ut
283 2008 361 2043 cod.
378 2010 512 2043 Beverl.
533 2017 567 2043 et
583 2009 721 2043 lividam.
733 2031 783 2035 —

113 2063 320 2109 Vividamque
345 2075 480 2096 carmen.
504 2061 598 2095 Vide
623 2062 683 2096 lib.
707 2063 759 2094 VI
774 2084 782 2098 ,

111 2116 218 2162 epigr.
242 2127 339 2148 Lxlv.
363 2115 419 2148 Sic
441 2123 475 2148 et
495 2114 559 2148 lib.
582 2116 654 2156 XI,
675 2115 782 2160 epigr.

113 2181 187 2202 xL11
211 2180 220 2201 z
248 2185 260 2197 ιι
277 2167 407 2202 Vivida
430 2180 543 2213 quum
564 2180 684 2213 poscas
710 2168 785 2213 epi·

112 2229 319 2266 grammata,
335 2229 472 2254 mortua
489 2221 608 2266 ponis,
628 2229 693 2254 etc.
715 2238 727 2249 »

168 2279 202 2314 4.
220 2274 337 2307 ,Μετιιὶε
355 2275 511 2318 cupisque.
529 2274 605 2307 Hoc
625 2282 694 2315 est,
714 2285 786 2306 me·-

115 2335 212 2360 tuere
229 2334 263 2359 te
279 2326 437 2366 simulas,
455 2326 557 2372 cupis
576 2339 706 2360 revera.

169 2378 203 2412 5.
223 2380 386 2412 Fremant.
416 2379 492 2412 Hoc
513 2380 640 2413 melius
670 2387 789 2412 censet

115 2431 290 2465 Schrevel.
309 2432 417 2465 Ruunt
439 2431 518 2466 edd.
541 2440 626 2465 vett.
650 2441 684 2465 et
706 2432 732 2465 F
734 2445 788 2465 ar-

118 2484 196 2517 nab.
217 2505 267 2510 —
295 2484 334 2517 In
369 2492 474 2517 tauros
508 2485 619 2529 Libyci
647 2486 789 2527 fremunt

119 2537 228 2569 leones.
253 2537 327 2569 Hoc
351 2545 421 2577 est,
449 2537 484 2570 in
514 2539 601 2570 {eras
634 2538 789 2571 minores

119 2601 189 2621 non
208 2589 355 2622 saeviunt
370 2589 501 2630 leones,
519 2600 551 2622 et
569 2590 710 2635 quidem
731 2603 792 2635 ge-

119 2641 322 2675 nerosiores,
345 2642 401 2674 Sic
421 2643 525 2676 Poeta
544 2655 576 2676 se
596 2643 709 2685 leoni,
733 2645 790 2677 Li-

835 1493 977 1527 gurram
1001 1487 1119 1512 autem
1135 1476 1307 1524 papilioui
1323 1481 1512 1520 comparat.

893 1546 926 1578 7.
950 1533 988 1566 δι’
1010 1532 1147 1565 laboras.
1173 1531 1208 1564 Si
1236 1529 1346 1574 cupis.

892 1587 922 1619 8.
941 1586 1081 1619 Serv-iam
1100 1597 1164 1630 pro
1181 1584 1296 1616 ebrium
1321 1582 1426 1614 habet
1454 1593 1511 1613 co-

838 1639 903 1673 dex
927 1639 1131 1672 Thuan.—-
1148 1637 1247 1681 Nigri
1261 1636 1409 1678 jin-uicis.
1437 1633 1514 1666 Hoc

839 1700 907 1733 est,
927 1691 1068 1724 obscuri
1089 1691 1157 1724 loci
1174 1697 1207 1723 et
1226 1689 1302 1721 vilis
1323 1695 1412 1720 notae
1429 1699 1511 1732 poe-

840 1753 910 1778 tam
930 1756 1072 1790 quaeras-

895 1812 929 1841 9.
948 1797 1015 1841 Qui
1025 1796 1158 1829 carbone
1173 1795 1256 1828 rudi.
1273 1792 1444 1828 Carbonis
1457 1800 1515 1824 aut

841 1858 942 1883 cretae
964 1858 1045 1883 nota
1069 1848 1233 1882 citissime
1257 1846 1428 1880 evanescit
1443 1857 1452 1877 :
1466 1844 1514 1877 sis:

841 1903 980 1936 obscuri
1014 1910 1127 1947 poetae
1163 1900 1316 1934 carmina
1352 1897 1517 1933 citissime

842 1963 1000 2019 pereugi'
1039 1956 1220 1995 BonAEAU,
1257 1953 1324 1985 Art
1349 1954 1515 1997 poetique,

844 2009 899 2041 ch.
921 2009 949 2040 Ι.
1008 2020 1015 2041 :

954 2091 959 2095 .
973 2091 977 2095 .
991 2090 995 2095 .
1008 2072 1053 2096 .tel
1066 2070 1188 2095 autrefois
1202 2069 1279 2104 qu'on
1291 2069 1328 2092 vit
1338 2077 1398 2092 avec
1411 2068 1485 2092 Fare:

844 2118 1017 2143 Charbonner
1030 2119 1060 2142 de
1075 2126 1114 2142 ses
1127 2126 1185 2141 vers
1197 2116 1234 2141 les
1249 2124 1320 2140 murs
1338 2114 1398 2139 d'un
1409 2114 1519 2139 cabarer

902 2179 960 2199 10.
998 2166 1080 2210 Quce
1112 2165 1221 2210 legunt
1252 2171 1406 2196 cacantes.
1435 2162 1521 2203 Quae

846 2218 1058 2253 mandentur
1082 2219 1162 2251 Deae
1187 2215 1371 2250 Cloacinae.
1398 2214 1523 2256 Qualia

852 2273 982 2305 Tanusii
992 2271 1135 2305 Annales
1145 2270 1211 2303 Seu
1217 2283 1282 2303 ecae
1291 2269 1476 2306 habentur,
1490 2275 1523 2300 et

847 2325 984 2359 Catullo
998 2324 1142 2358 Annales
1151 2323 1266 2356 Volusi
1277 2329 1387 2354 cacata
1402 2321 1524 2353 charta.

904 2391 918 2411 1
932 2390 962 2411 1.
985 2378 1090 2411 Frons
1115 2377 1192 2410 lzoec.
1217 2374 1260 2408 Id
1281 2383 1332 2408 est
1351 2386 1358 2407 :
1380 2372 1523 2407 Servilis

848 2439 905 2464 tua
937 2431 1034 2464 frons
1056 2442 1127 2463 non
1153 2438 1203 2462 est
1227 2427 1349 2473 digna,
1377 2426 1432 2460 cui
1461 2438 1523 2471 ego

849 2484 1045 2529 imprimam
1075 2482 1200 2516 victuri
1227 2480 1391 2514 carminis
1412 2488 1521 2512 notas.

853 2536 943 2569 Vide
964 2537 1023 2569 lib.
1041 2537 1111 2575 Vl,
1134 2536 1337 2580 epigramm.
1362 2544 1455 2565 Lxlv.
1474 2552 1524 2557 -—

852 2591 1017 2633 Stigmale.
1043 2589 1165 2622 lnnuit
1187 2595 1321 2624 uolam,
1345 2597 1450 2630 quam
1483 2583 1527 2617 ad

854 2641 1094 2677 infamandum
1107 2641 1220 2673 virum
1239 2637 1389 2673 carnifex
1405 2637 1528 2670 inurit.
