2044 3292
538 258 599 312 os.

915 259 976 301 M.
1007 259 1141 302 VAL.
1183 259 1450 304 MARTIA
1466 262 1528 303 LI
1547 261 1575 302 S

1072 413 1398 469 LXVIII.

1020 563 1090 590 An
1137 542 1449 592 εωΜΨΓΕε.ῃ

608 694 864 736 ΜΑΤΗΤΙΝΕ
887 688 1041 745 cliens,
1062 690 1194 734 Urbis
1216 690 1322 733 milii
1346 706 1495 734 caussa
1520 691 1702 743 relictae,

678 763 797 805 Atria
811 797 822 816 ,
845 761 877 804 si
902 761 1063 821 sapias,
1082 760 1309 804 ambitiosa
1330 760 1458 805 colas.

608 834 705 877 Non
730 848 825 875 sum
847 848 928 892 ego
950 830 1215 887 causidicus,
1236 847 1316 875 nec
1343 833 1501 875 amaris
1529 831 1673 876 litibus
1701 843 1850 894 aptus3

675 902 758 947 Sed
782 904 923 964 piger,
944 911 987 946 et
1011 902 1176 957 senior,
1197 902 1500 962 Pieridumque
1525 919 1682 946 coines.

605 975 707 1018 Otia
732 990 802 1017 me
829 989 1094 1033 somnusque.
1115 973 1293 1032 juvant,
1314 989 1409 1032 quae
1434 988 1591 1033 magna
1618 974 1791 1034 negavit

674 1046 817 1088 Roma
846 1043 952 1088 mihi
976 1061 984 1086 ε
1008 1042 1162 1099 redeo,
1193 1045 1226 1087 si
1251 1042 1453 1104 vigilatur
1478 1053 1521 1087 et
1547 1043 1630 1087 hic.

590 1168 604 1182 ’
616 1173 722 1206 Poeta
742 1184 812 1205 non
831 1168 1003 1204 desiderat
1019 1170 1210 1211 officiosos,

536 1226 589 1260 vel
605 1225 840 1271 patrocinium
860 1224 1091 1269 implorantes
1107 1223 1212 1256 clien-

538 1288 587 1312 tes
600 1303 610 1320 ‚
635 1291 722 1324 quos
741 1277 788 1311 ait
807 1289 842 1310 se
861 1277 988 1322 fugisse
1014 1276 1117 1310 etiam
1140 1277 1209 1309 Ro-

537 1344 614 1374 mae,
622 1343 725 1378 quam
735 1338 768 1364 et
779 1331 888 1376 ipsam
899 1329 1081 1363 clientium
1091 1341 1209 1363 caussa

536 1384 729 1431 reliquerit.
746 1383 863 1417 Rader.

592 1450 622 1471 1.
635 1438 794 1471 Matutine
801 1436 906 1469 cliens.
919 1434 1144 1469 Salutationis
1157 1435 1210 1469 vel

534 1491 719 1537 patrocinii
738 1502 855 1524 caussa
876 1501 932 1523 me
954 1501 1090 1522 summo
1110 1500 1211 1522 mane

534 1543 812 1579 visens.-—Urbis
827 1543 918 1582 milti,
939 1550 1003 1575 etc.
1021 1542 1131 1587 Cujus
1144 1542 1209 1574 im-

532 1597 784 1643 portunitatem
801 1605 838 1629 ut
852 1595 997 1628 omnino
1008 1594 1210 1639 effugerem,

535 1651 608 1697 ipse
636 1663 676 1684 ex
704 1650 792 1683 urbe
819 1650 929 1682 Roma
952 1649 988 1681 in
1015 1648 1104 1681 hanc
1127 1660 1206 1693 pro-

535 1704 721 1738 vincialem
738 1701 966 1737 solitudinem
983 1700 1135 1747 profugi.

1327 1183 1359 1203 2.
1372 1172 1470 1203 Atria
1479 1170 1657 1203 ambitiosa.
1673 1170 1849 1213 Divituin‚
1868 1173 1944 1218 qui-

1269 1223 1335 1256 hus
1352 1222 1395 1256 ad
1418 1223 1590 1257 honorem
1609 1223 1738 1270 gradus
1760 1232 1809 1258 est
1832 1225 1941 1258 clien-

1271 1276 1357 1309 tium
1382 1277 1493 1309 turba.

1323 1329 1354 1362 5.
1375 1329 1526 1374 Negabas
1542 1327 1620 1362 cod.
1643 1331 1780 1364 Beverl.
1802 1330 1944 1376 Negabz't

1269 1381 1346 1415 cod.
1370 1382 1406 1415 in
1438 1394 1545 1427 marg.
1572 1381 1628 1415 ed.
1656 1383 1736 1417 Par.
1764 1386 1874 1429 1617.
1893 1404 1943 1410 —-

1274 1435 1353 1469 Otia
1368 1449 1414 1468 me
1429 1448 1625 1481 somnusque,
1644 1444 1707 1470 etc.
1723 1435 1807 1471 Vid.
1821 1449 1923 1483 supra
1935 1462 1943 1477 ‚

1269 1489 1331 1522 lib.
1352 1489 1439 1527 XII,
1462 1488 1570 1534 epigr.
1592 1501 1679 1523 LVII.

1325 1543 1358 1576 6.
1372 1542 1410 1575 Si
1422 1542 1580 1586 vigilatur
1592 1550 1624 1574 et
1638 1543 1697 1577 hic.
1713 1544 1859 1576 Romam
1872 1568 1881 1583 ‚
1895 1542 1944 1575 in-

1270 1594 1365 1640 quit,
1388 1607 1464 1628 sum
1483 1593 1680 1638 rediturus,
1700 1596 1728 1629 si
1745 1608 1808 1629 nec
1826 1595 1943 1629 Bilbili

1268 1660 1332 1693 per
1348 1647 1491 1682 clientes
1508 1648 1729 1693 importunos
1742 1649 1829 1683 mihi
1844 1649 1944 1683 liceat

1268 1700 1434 1735 dormire.

1120 1835 1355 1890 LXIX.

1435 1966 1453 1982 -ν,

1023 1987 1090 2014 AD
1138 1986 1422 2014 PAULLUM.

746 2113 820 2157 Sic
841 2121 1046 2171 tanquam
1070 2108 1260 2165 tabulas,
1285 2108 1580 2170 scyphosque,
1601 2109 1769 2167 Paulle,

746 2185 913 2226 Omnes
942 2180 1201 2241 archetypos
1225 2179 1360 2224 habes
1388 2180 1561 2225 amicos.

591 2316 606 2330 ”
621 2318 782 2353 Paullum
802 2328 941 2350 avarum
964 2315 1011 2348 ait
1032 2314 1151 2347 ornari
1173 2314 1215 2347 ab

540 2373 679 2414 amicis,
708 2370 768 2405 sed
795 2369 924 2403 amicos
945 2380 1018 2402 non
1041 2379 1058 2400 a
1081 2367 1214 2400 Paullo.

540 2423 847 2470 Quemadmodum
870 2422 1014 2467 antiqua
1033 2432 1138 2466 opera
1155 2432 1217 2465 po-

541 2480 703 2514 culorum
725 2485 761 2511 et
779 2475 975 2510 tabularum
995 2482 1121 2507 ornant
1138 2473 1217 2519 qui·

543 2532 623 2567 dem
646 2531 829 2566 dominum
843 2556 852 2571 ‚
869 2527 930 2562 setl
951 2540 968 2560 a
995 2526 1141 2560 domino
1162 2526 1217 2558 ni-

542 2587 593 2620 hil
624 2584 825 2631 accipiunt:
845 2582 890 2615 ita
922 2579 1023 2614 amici
1051 2592 1068 2612 a
1097 2579 1216 2612 Paullo

542 2639 629 2673 nihil
652 2637 813 2672 beneficii
832 2633 1063 2680 accipiebant.
1078 2632 1195 2665 Rader.

597 2705 629 2724 2.
653 2691 859 2734 .›‘lrcl1e{77²05.
882 2687 1079 2732 ΑνεΙιρφῬιω
1102 2685 1214 2730 prima

1275 2322 1325 2347 est
1356 2314 1467 2347 forma
1479 2340 1488 2356 ‚
1524 2326 1565 2348 ex
1598 2326 1664 2360 qua
1700 2315 1946 2361 exprimuntur

1274 2367 1457 2400 simulacra
1473 2380 1482 2409 ;
1508 2368 1551 2400 ab
1576 2368 1657 2413 ἀρχὴ
1671 2392 1680 2408 ,
1703 2368 1920 2414 principium
1935 2395 1944 2410 ‚

1275 2428 1308 2453 et
1322 2421 1420 2458 τύπος
1433 2445 1442 2462 ,
1456 2419 1564 2465 figura
1582 2428 1616 2453 et
1633 2421 1774 2463 umbra,
1787 2429 1821 2455 et
1838 2421 1945 2456 veluti

1274 2473 1387 2518 imago
1404 2485 1441 2506 ac
1454 2473 1652 2518 symbolum
1664 2474 1944 2520 veritatis.Erg0‚

1274 2526 1436 2571 archetypi
1457 2525 1580 2568 amici,
1602 2539 1664 2572 per
1685 2527 1923 2573 metaphoram
1936 2553 1946 2569 ‚

1274 2591 1339 2624 pro
1362 2579 1555 2615 veteribus,
1579 2580 1751 2625 germanis
1774 2588 1808 2613 et
1833 2581 1945 2614 hono-

1274 2631 1379 2665 rificis
1408 2632 1536 2665 amicis.
1567 2631 1656 2666 Vide
1685 2633 1851 2666 Nostrum
1882 2633 1943 2666 lib.

1280 2685 1363 2716 VIII
1375 2710 1383 2724 ,
1399 2684 1507 2730 epigr.
1526 2698 1562 2718 vi
1578 2708 1587 2723 ,
1617 2697 1646 2719 1.
1666 2686 1730 2719 En.
