1901 3259
344 213 922 258 EPIGRAMMATUM
960 217 1083 260 LIB.
1123 217 1259 261 XIV.

1402 214 1497 261 253

698 365 911 423 CLVL

614 519 761 548 LANAE
800 520 984 549 TYRIAE.

169 639 264 683 Nos
294 640 632 685 Lacedaemoniae
661 652 810 702 pastor
834 642 1013 686 donavit
1037 643 1207 698 amicae3

237 711 440 754 Deterior
466 711 595 755 Ledae
620 728 813 772 purpura
840 713 988 756 matris
1012 722 1115 757 crat.

166 841 283 910 Ὴμᾶς
306 846 417 911 δῶρα
439 851 530 911 φίλῃ
553 854 699 911 ποιμὴν
720 846 897 894 ἐπέδωκε
918 852 1111 911 Λακαίνῃ·

232 923 420 982 Πορφύρη
448 919 493 967 ἦν
520 915 660 971 Λήδας
687 923 839 980 μητρὸς
865 921 1100 981 ἀτιμοτέρη.

152 1068 182 1089 1.
203 1056 448 1089 Lacedaemonia?
467 1059 585 1089 amt'coe.
602 1056 678 1089 Hoc
696 1064 766 1097 est,

95 1108 233 1141 Helenae
252 1121 376 1154 nempe
389 1135 397 1150 ‚
417 1121 493 1154 quae
511 1108 764 1142 Lacedaemonii

93 1161 182 1206 regis
213 1161 370 1207 Tyndari
396 1162 467 1194 filia
497 1170 569 1194 erat
583 1187 592 1202 ‚
626 1162 763 1195 fratres-

93 1226 161 1259 que
179 1214 361 1248 Castorem
380 1223 413 1248 et
432 1215 610 1248 Pollucem
627 1214 761 1248 habuit.

92 1288 144 1292 ——
166 1268 292 1301 Pastor.
315 1268 393 1300 'Vox
414 1267 526 1313 poetis
548 1267 671 1301 usitata
696 1267 759 1299 im-

94 1331 150 1352 mo
172 1328 206 1353 et
225 1319 349 1353 dilecta
365 1345 375 1361 ‚
402 1329 443 1353 ut
462 1329 637 1365 raptorem
659 1320 762 1353 Hele-

94 1384 145 1405 nae
176 1373 279 1406 Parin
313 1372 517 1418 designent3
543 1385 693 1418 namque
727 1372 761 1405 in

97 1424 154 1457 ida
178 1434 299 1459 monte
324 1426 500 1471 expositus
523 1426 619 1459 Paris
645 1434 763 1470 pastor

92 1476 283 1512 diutissime
295 1479 416 1512 fuerat.
428 1479 520 1512 Hinc
534 1479 711 1512 Theocrit.
727 1479 763 1511 in

93 1530 223 1564 famoso
241 1530 343 1577 Idyll.
366 1531 536 1578 Oaristyi,
558 1544 604 1564 vs.
631 1543 645 1563 1
672 1530 761 1564 ῖΤὰν

92 1583 223 1617 πινυτὰν
241 1578 358 1617 Ἑλέναν
376 1586 451 1617 πῶς’
469 1584 638 1629 ἀφήρπασε
658 1584 761 1626 βώκο-

89 1640 140 1674 λος
162 1637 294 1676 ἄλλος...
309 1645 343 1670 et
361 1637 480 1671 Horat.
494 1637 556 1670 lib.
570 1637 586 1669 I
598 1662 607 1677 ‚
625 1636 694 1671 Od.
708 1649 763 1677 xv,

90 1701 138 1722 κς.
159 1702 171 1722 1
193 1697 227 1722 et
250 1703 267 1723 2
285 1701 292 1722 :
319 1707 331 1719 «
348 1691 468 1723 Pastor
483 1702 590 1735 quum
609 1689 763 1723 traheret

93 1753 152 1784 per
183 1742 268 1776 freta
291 1743 434 1776 navibus
465 1742 566 1776 Idaeis
591 1742 760 1775 Helenam

825 1055 981 1101 perfidus
1004 1056 1188 1101 hospitam.
1200 1058 1340 1091 u——Nos
1359 1059 1495 1094 donavit.

826 1108 980 1142 Videtur
998 1109 1091 1142 enirn
1106 1109 1360 1154 magnificentia
1372 1112 1497 1146 Asiati-

824 1174 863 1195 ca
878 1170 911 1195 et
924 1160 1114 1207 splendidis
1127 1163 1332 1197 muneribus
1348 1164 1412 1197 sihi
1426 1165 1497 1198 He-

824 1215 937 1247 lenam
951 1215 1152 1248 conciliasse
1165 1216 1260 1248 Paris
1272 1242 1280 1256 ‚
1300 1229 1371 1249 non
1384 1218 1498 1252 minus

824 1280 928 1312 quam
950 1267 1215 1312 pulchritudine
1237 1281 1307 1303 sua.
1331 1269 1495 1304 Horatius

822 1320 881 1353 lib.
896 1321 961 1359 IV,
977 1319 1044 1353 Od.
1057 1333 1103 1360 1x,
1120 1334 1168 1354 vs.
1178 1334 1191 1354 1
1202 1320 1234 1362 3,
1254 1334 1266 1354 1
1277 1326 1296 1362 ,4
1309 1323 1497 1368 sq.«Com-

821 1382 901 1418 ptos
922 1374 1002 1407 arsit
1021 1372 1173 1407 adulteri
1188 1374 1312 1407 Crines
1326 1384 1359 1408 et
1371 1387 1495 1409 aurum

822 1426 975 1459 vestibus
991 1426 1119 1459 illitum
1136 1426 1261 1460 Mirata
1273 1453 1282 1468 ‚
1298 1428 1496 1475 regalesque

823 1479 950 1520 cultus,
961 1480 1005 1512 Et
1015 1480 1158 1513 comites
1170 1480 1303 1514 Helene
1313 1481 1467 1515 Lacaena.
1477 1500 1490 1513 »

880 1544 911 1565 2.
935 1533 1084 1565 Deterior
1113 1533 1219 1566 Ledae.
1251 1533 1336 1574 Quae
1366 1547 1494 1580 nempe

823 1597 983 1630 purpura
999 1586 1170 1619 Laconica
1186 1594 1259 1619 erat
1274 1585 1395 1620 induta
1406 1612 1415 1628 ,
1426 1600 1493 1633 qua

823 1637 978 1670 nobilior
992 1646 1042 1671 est
1053 1639 1160 1683 Tyria
1171 1650 1178 1671 ε
1189 1637 1283 1672 Leda
1296 1647 1410 1672 autem
1426 1640 1493 1673 fuit

824 1699 933 1723 mater
944 1690 1099 1731 Helenae3
1111 1690 1226 1737 itaque
1233 1692 1402 1725 Laconica
1413 1705 1494 1737 pur-

823 1754 910 1787 pura
924 1743 1032 1788 magis
1044 1756 1102 1777 usa
1115 1752 1166 1778 est
1177 1770 1186 1785 ‚
1203 1756 1307 1790 quam
1321 1745 1439 1789 Tyria.

670 1876 920 1934 CLVIL

493 2032 641 2061 LANAE
684 2010 1089 2060 POLLENTINAEf

156 2157 260 2198 NON
289 2164 458 2198 tantum
489 2151 608 2214 pullo
640 2152 835 2214 lugentes
864 2151 1021 2196 vellere
1052 2151 1190 2207 lanas,

228 2224 312 2268 Sed
344 2223 453 2268 solet
481 2233 524 2268 et
553 2223 708 2268 calices
736 2224 828 2267 haec
858 2222 961 2266 dare
988 2232 1101 2267 terra
1127 2240 1241 2267 suos.

155 2362 272 2423 Εἴρια
300 2365 343 2405 οὐ
375 2369 516 2422 μοῦνον
543 2371 639 2422 (ραι-ἥ
671 2362 864 2424 πενθῆρεα
889 2361 1035 2422 λάχνῃ,

228 2425 327 2475 Ᾱλλ’
355 2428 477 2483 ἰδίους
503 2435 665 2484 κύλικας
690 2438 786 2494 γαῖα
811 2434 878 2476 καὶ
901 2427 974 2480 ἥδε
1006 2433 1124 2492 φέρει.

138 2567 153 2582 “
172 2572 310 2605 Pollinoe
330 2570 408 2604 cod.
427 2571 566 2604 Thuan.

138 2646 188 2651 —
203 2625 300 2656 Lanae
320 2624 509 2656 Pollentinoe
526 2623 760 2662 (Polerztinoe);

86 2677 225 2722 Aliique
251 2677 397 2710 Pollinae.
418 2675 567 2720 Liguriae
592 2676 674 2709 urbs
696 2676 760 2708 Po-

820 2571 925 2604 lentia
948 2568 1040 2615 apud
1058 2570 1233 2602 Tanarum
1250 2567 1411 2610 fluvium,
1427 2570 1490 2603 ho-

821 2622 879 2656 die
890 2623 1041 2656 I’olenzo.
1053 2623 1098 2655 Et
1107 2620 1272 2661 Sil.VIII‚
1287 2620 1354 2666 597
1367 2633 1397 2654 :«
1406 2622 1492 2656 Ver-

829 2675 1094 2719 cellae‚fuscique
1104 2674 1197 2707 ferax
1205 2673 1374 2708 Pollentia
1381 2674 1465 2709 villi.
1475 2692 1488 2705 2,
