1901 3259
318 228 903 272 EPIGRAMMATUM
943 228 1068 270 LIB.
1110 227 1248 269 XIV.

1406 240 1490 284 ¹97

687 380 901 434 LVIII.

557 513 1017 563 APHRONITRUM.*

153 661 385 703 Romans
415 676 459 703 es
472 659 488 702 Ξ)
518 661 655 703 nescis
682 659 785 720 quid
814 661 972 703 Graeco
998 660 1174 701 nomine
1200 658 1339 708 dicar,

221 730 382 790 Spuma
411 746 546 774 vocor
576 732 692 773 nitri.
724 731 905 774 Graecus
936 727 1012 773 es?
1043 730 1294 789 ἀφρόνιτρον.

135 862 395 912 'Aphronitrum
409 868 491 900 Vox
511 868 598 900 facta
611 892 620 908 ,
639 876 677 900 ut
699 880 757 912 pa-

83 927 144 960 tet,
155 918 356 965 indicatque
368 920 444 964 ipse
453 920 622 953 Martialis
633 920 671 952 in
683 932 755 952 ver-

80 972 190 1006 siculo
211 972 468 1018 epigrammatis
491 973 707 1018 posteriore‚
737 985 755 1005 e

83 1023 222 1058 duobus
241 1026 385 1058 vocibus
406 1026 525 1071 graecis
544 1021 665 1070 Ᾰφρὸς,
685 1038 756 1070 spu-

81 1090 131 1109 ma
143 1104 153 1117 ,
169 1078 300 1123 Νίτρον,
321 1081 449 1119 nitrum,
465 1078 513 1111 ita
532 1087 571 1112 ut
588 1086 622 1111 et
640 1078 756 1111 latinae

83 1137 118 1163 et
139 1131 337 1175 graecanicae
350 1132 444 1165 vocis
458 1130 578 1165 eadem
594 1131 637 1164 sit
649 1143 756 1177 quan-

81 1182 160 1216 titas
178 1191 212 1217 et
231 1183 324 1217 idem
342 1197 509 1218 numerus
530 1185 753 1230 syllabarum.

80 1236 172 1269 Nam
199 1236 236 1269 in
264 1250 374 1281 spuma
401 1240 477 1270 nitri
504 1246 653 1283 quatuor
675 1245 756 1270 sunt

80 1289 239 1334 syllabae,
262 1302 411 1335 quarum
430 1292 528 1324 tertia
554 1303 701 1336 anceps;
723 1299 755 1323 et

80 1341 293 1387 ipsissimum
311 1342 348 1376 id
366 1341 410 1375 de
429 1347 475 1388 τῷ
495 1338 683 1388 Ᾱφρόνιτρῡν
702 1342 756 1376 di-

81 1407 158 1428 cere
177 1403 239 1428 est.
255 1395 344 1429 Plin.
359 1395 420 1429 lib.
440 1396 581 1437 XXXI,
594 1408 668 1442 cap.
685 1407 728 1428 10
748 1408 754 1428 τ

86 1465 99 1477 «
115 1447 278 1482 Proxima
293 1457 372 1482 aetas
390 1447 607 1482 medicorum
628 1448 756 1494 aphro-

80 1500 213 1533 nitrum
243 1500 351 1535 tradit
378 1502 415 1535 in
447 1501 527 1535 Asia
561 1501 696 1547 colligi,
722 1502 757 1534 in

80 1554 255 1598 speluncis
276 1554 441 1588 mollibus
465 1554 649 1589 distillans.
672 1555 758 1600 Spe-

82 1619 142 1639 cus
167 1619 226 1640 eos
253 1608 399 1653 Colycas
421 1607 555 1641 dicunt.
576 1608 666 1641 Dein
686 1609 758 1641 sole

80 1659 219 1693 siccant.
231 1660 415 1706 Optimum
426 1669 554 1706 putant
562 1660 727 1706 Lydium.
741 1679 752 1689 »

82 1713 134 1745 De
147 1712 241 1746 nitro
250 1712 321 1747 vid.
338 1714 420 1748 infr.
437 1722 510 1747 not.
523 1713 565 1747 ad
582 1727 629 1748 vs.
645 1714 758 1748 2.Cae-

83 1774 197 1798 terum
227 1766 318 1800 circa
352 1766 389 1800 id
422 1767 630 1800 vocabulum
659 1768 755 1801 litem

83 1828 270 1853 moverunt
282 1819 428 1866 quidam
441 1833 480 1853 ex
494 1820 645 1865 antiquis
660 1819 755 1853 docti

82 1871 167 1913 viri,
193 1871 238 1905 de
264 1885 331 1918 qua
359 1886 422 1906 nos
447 1873 601 1907 breviter
626 1873 755 1906 refere-

82 1937 172 1958 mus·
197 1925 400 1972 Voluerunt
425 1938 553 1972 nempe
579 1926 754 1959 Dioscori-

82 1975 142 2011 des
160 1978 220 2012 lib.
239 1979 286 2021 V,
306 1992 379 2024 cap.
407 1980 490 2020 131,
512 1979 649 2012 Plinius
663 1979 756 2012 libro

83 2038 117 2063 et
134 2031 247 2077 capite
263 2045 340 2078 sup.
357 2032 416 2066 cit.
433 2041 468 2066 et
485 2045 565 2066 cum
584 2032 657 2065 istis
669 2033 757 2065 velle

83 2082 223 2118 videtur
238 2085 419 2127 Martialis,
435 2085 529 2119 idem
544 2098 617 2119 esse
633 2086 756 2131 ἀφρόνι-

83 2149 153 2180 τρον
178 2146 213 2171 et
231 2138 328 2183 ἄφρου
350 2139 472 2183 νίτρον,
490 2138 586 2184 quod
613 2140 756 2177 nomine

83 2189 152 2222 alio
186 2199 312 2224 vocant
341 2204 481 2238 quoque
515 2192 604 2230 ἄνθος
634 2192 736 2237 νίτρου
750 2218 757 2231 ,

83 2241 150 2276 hoc
168 2240 237 2283 est,
266 2243 310 2278 ad
343 2246 512 2285 verbum,
525 2246 642 2290 florem
671 2248 756 2277 m'tri.

87 2295 130 2328 At
141 2308 223 2331 cum
234 2297 605 2344 Galeno‚Simplicium
615 2298 675 2331 lib.
689 2299 741 2331 IX
749 2324 757 2337 ‚

82 2348 203 2392 potIus
215 2350 320 2384 crede
330 2352 422 2385 inter
435 2352 497 2386 ista
509 2351 580 2385 duo
593 2351 760 2385 exstitisse

85 2401 218 2448 aliquid
249 2403 462 2438 discriminis
484 2417 492 2438 ε
520 2417 646 2451 nempe
676 2417 758 2449 spu-

88 2467 178 2488 mam
201 2469 262 2490 seu
287 2456 410 2490 florem
436 2457 521 2490 nitri
546 2457 757 2491 simillimam

86 2508 187 2541 fuisse
203 2510 287 2543 albae
301 2517 335 2543 et
349 2511 492 2545 triticeae
505 2511 642 2553 farinae3
661 2511 756 2555 ἀφρό-

86 2574 184 2605 νιτρον
212 2575 294 2595 vero
325 2563 443 2596 farinae
468 2564 616 2608 speciem
643 2564 756 2597 neuti-

813 879 916 912 quam
930 867 1092 900 habuisse
1102 892 1111 907 ‚
1125 866 1186 900 sed
1201 857 1373 912 quiddam'
1386 868 1489 900 fuisse

813 927 971 952 coactum
994 927 1299 965 compactumque.

871 985 900 1005 1.
920 973 1064 1005 Rusticus
1077 977 1128 1004 es?
1141 973 1254 1006 Vocat
1266 985 1350 1018 ergo
1364 974 1492 1006 Noster

812 1037 933 1058 omnes
951 1037 1069 1070 graecae
1088 1025 1215 1069 linguae
1233 1025 1339 1060 rudes
1355 1035 1387 1059 et
1402 1039 1491 1072 quos

812 1077 878 1123 ipsi
891 1076 1058 1111 dixissent
1075 1076 1245 1122 συὲὡτας,
1262 1080 1405 1112 rusticos,
1421 1080 1490 1112 Ne-

811 1143 880 1176 que
904 1130 1005 1165 valde
1026 1129 1064 1164 id
1084 1131 1213 1163 mirum
1236 1139 1358 1176 putes3
1379 1144 1490 1177 quum

813 1191 897 1217 tunc
926 1184 1046 1217 nullus
1076 1185 1342 1224 Romanorum,
1382 1185 1490 1217 immo

813 1237 981 1269 Afrorum
993 1263 1002 1278 ,
1017 1237 1269 1282 Hispanorum,
1286 1237 1471 1270 Gallorum
1484 1264 1492 1277 ‚

812 1290 1065 1323 Britannorum
1079 1316 1088 1332 ‚
1108 1290 1169 1335 qui
1191 1289 1335 1335 quidem
1356 1291 1490 1335 elegan-

814 1343 861 1376 tia
883 1351 917 1378 et
943 1342 1077 1377 divitiis
1094 1343 1150 1376 vel
1168 1343 1353 1376 minimum
1372 1356 1490 1376 cense-

813 1395 925 1435 batur,
950 1396 1051 1429 istius
1075 1396 1203 1441 linguae
1222 1396 1362 1441 ignarus
1384 1405 1491 1435 esset,

815 1456 850 1481 et
869 1449 1050 1482 servientis
1067 1449 1189 1494 populi
1211 1462 1323 1482 sermo
1343 1448 1438 1494 apud
1458 1459 1492 1482 et

816 1514 1002 1535 conservos
1033 1511 1068 1535 et
1102 1501 1264 1535 dominos
1289 1501 1326 1534 id
1351 1503 1490 1548 imperii

814 1554 1023 1588 obtinuisset
1041 1554 1136 1600 quod
1153 1553 1366 1600 adspicimus
1382 1556 1490 1589 Galli-

815 1620 898 1640 cum
934 1620 1130 1641 sermonem
1168 1608 1311 1653 Europa
1345 1609 1381 1641 in
1418 1617 1488 1641 tota

814 1660 920 1694 hodie
933 1661 1103 1694 obtinere.
1119 1660 1224 1694 Unde
1239 1660 1272 1694 id
1287 1662 1467 1695 Juvenalis
1482 1688 1490 1699 ,

814 1713 880 1746 Sat.
900 1715 980 1754 XV,
999 1727 1050 1747 vs.
1080 1727 1092 1747 1
1107 1727 1150 1746 10
1171 1727 1245 1759 sqq.
1273 1732 1285 1743 «
1305 1714 1408 1747 Nunc
1440 1723 1492 1747 to-

814 1774 870 1799 tus
891 1768 1013 1800 Graias
1032 1775 1251 1812 nostrasque,
1270 1768 1376 1801 habet
1395 1769 1489 1800 orbis

813 1820 965 1853 Athenas
981 1845 990 1860 ,
1019 1820 1132 1853 Gallia
1154 1819 1344 1854 causidicos
1369 1819 1489 1853 docuit

813 1872 960 1905 facunda
971 1872 1156 1907 Britannos
1168 1899 1176 1914 ‚
1187 1875 1239 1907 De
1257 1872 1489 1906 conducendo

811 1926 969 1970 loquitur
990 1927 1058 1970 jam
1076 1927 1219 1960 rhetore
1240 1927 1370 1960 Thule.
1391 1944 1402 1955 n

867 1993 900 2011 2.
924 1980 1025 2011 Dicor
1044 1987 1074 2011 et
1095 1978 1176 2013 edd.
1200 1988 1280 2013 vett.
1301 1992 1368 2024 pro
1391 1980 1485 2013 Grae-

813 2045 865 2064 cus
887 2047 918 2064 es
931 2060 938 2070 ‚
976 2045 1040 2077 pro
1078 2045 1150 2077 quo
1187 2033 1310 2067 Graecis
1340 2034 1376 2065 in
1412 2032 1488 2065 MS.

814 2086 947 2118 Beverl.
968 2097 1087 2118 errore
1107 2086 1186 2119 satis·
1214 2086 1397 2119 manifesto
1416 2085 1491 2118 lati-

814 2151 858 2171 ne
870 2164 878 2177 ,
899 2151 971 2171 non
992 2151 1120 2183 graece,
1138 2138 1342 2184 impressam
1361 2139 1491 2172 habent

815 2192 973 2224 ultimam
993 2204 1115 2225 vocem
1134 2192 1171 2224 in
1193 2192 1264 2225 hoc
1286 2205 1334 2225 vs.
1358 2201 1391 2224 et
1410 2190 1490 2224 edd.

815 2252 899 2278 vett.
932 2253 967 2277 et
998 2245 1126 2289 Delph.
1165 2244 1317 2286 Quidam
1349 2243 1489 2278 tandem

819 2310 883 2343 pro
895 2298 1111 2343 aphronitron,
1127 2299 1341 2343 aphronitrum
1352 2325 1360 2337 ‚
1374 2298 1493 2330 termi-

819 2351 997 2384 nationem
1023 2363 1165 2396 quoque
1191 2351 1335 2384 latinam
1367 2351 1493 2383 facien-

820 2404 1181 2449 tes.—Aplzrom'trum.
1208 2422 1220 2434 u
1238 2406 1290 2437 Ita
1307 2402 1384 2436 cod.
1405 2404 1492 2435 anti—

818 2470 906 2502 quus
925 2458 1049 2499 habet,
1064 2465 1102 2490 ut
1120 2456 1212 2490 dicat
1226 2456 1469 2501 interrogantis
1487 2468 1492 2486 τ

818 2510 960 2544 Graecus
979 2523 1013 2543 es
1032 2523 1038 2543 :
1063 2511 1129 2543 hoc
1148 2518 1197 2543 est
1229 2510 1256 2542 si
1281 2510 1371 2541 nosti
1394 2508 1490 2541 Graec

818 2576 872 2597 cas
894 2563 1040 2596 literas-‚n
1064 2563 1117 2596 Sic
1139 2564 1209 2595 fere
1227 2560 1446 2595 Calderinns.

1240 2720 1256 2727 ,-

1209 2713 1288 2765 13³
