1901 3259
360 221 941 267 EPIGRAMMATUM
980 222 1106 264 LIB.
1133 220 1270 263 XIV.

1413 219 1511 281 239

653 372 959 428 CXXXI.

487 529 754 558 LACERNAE
792 507 1126 557 cocolNEAE.*

177 654 224 697 SI
256 656 421 697 Veneto
436 689 447 707 ‚
470 656 704 699 Prasinove
734 654 872 707 faves,
893 653 996 713 quid
1022 653 1200 697 coccina
1225 653 1388 697 sumis?

246 726 312 768 Ne
339 724 417 768 fias
447 725 525 768 ista
554 724 779 786 transfuga
806 732 946 778 sorte,
968 723 1078 767 vide.

158 857 172 872 *
199 862 346 896 Coccinae
370 863 468 896 malit
497 862 682 897 Conradus
710 863 779 897 Ge-

103 926 245 951 snerus,
266 915 360 960 quod
379 917 482 949 etiam
501 917 537 948 in
553 916 626 950 MS.
644 917 777 950 Beverl.

102 968 293 1002 invenitur.

159 1033 190 1054 1.
211 1020 279 1053 Pro
304 1021 398 1065 vulg.
424 1023 476 1067 qui
498 1034 525 1053 c.
549 1024 644 1053 sumis
667 1020 776 1055 codex

101 1072 237 1106 Beverl.
258 1074 335 1119 quid
350 1086 379 1105 c.
395 1087 506 1107 sumes.
522 1095 574 1100 —
587 1073 625 1107 Si
642 1074 773 1108 Veneto.

101 1125 154 1158 De
172 1125 227 1159 his
247 1125 456 1159 factionibus
478 1125 610 1160 dictum
632 1126 694 1160 lib.
717 1128 774 1168 Χ,

100 1177 211 1223 epigr.
238 1191 366 1212 XLVIII.
396 1179 502 1212 Color
529 1179 694 1213 Prasinus
725 1188 776 1213 est

100 1230 242 1273 viridis,
264 1231 421 1265 Venetus
452 1245 536 1266 vero
568 1232 737 1266 caeruleus
765 1245 773 1266 :

100 1283 162 1328 qui
184 1295 265 1329 ergo
282 1293 414 1318 vestem
431 1285 631 1318 coccineam
650 1284 774 1319 indue-

100 1336 183 1379 bat,
212 1337 332 1371 neutri
361 1338 503 1372 factioni
532 1338 648 1371 favere
675 1337 774 1372 vide·

100 1388 206 1422 batur
220 1401 228 1423 ε
243 1390 293 1423 sic
312 1403 380 1423 una
399 1391 580 1432 vincente,
601 1391 700 1424 alteri
718 1403 775 1424 ac-

102 1441 251 1477 clamare
270 1451 375 1489 atque
395 1442 481 1477 adeo
501 1444 678 1489 transfuga
698 1444 777 1477 fieri

837 871 984 908 poterat.
1021 862 1154 896 Coccum
1182 863 1297 896 frutex
1328 871 1379 896 est
1408 863 1510 896 fullo-

837 916 917 948 nius
929 942 938 957 ,
955 916 1084 949 Graecis
1100 916 1210 955 κόκκος
1231 916 1348 961 βαφικὴ
1364 930 1371 948 2
1392 917 1509 949 frutici

838 980 943 1013 grana
960 967 1138 1002 adhaerent
1149 993 1159 1009 ,
1178 980 1197 1001 e
1215 969 1341 1014 quibus
1359 969 1397 1001 fit
1414 970 1510 1002 color

837 1021 896 1054 ille
907 1021 1064 1055 lanarum
1076 1021 1290 1066 praecipuus;
1301 1024 1398 1066 cujus
1409 1023 1510 1068 copia

835 1086 970 1107 summa
990 1074 1027 1107 in
1046 1086 1084 1107 ea
1103 1073 1280 1118 Hispaniae
1297 1082 1396 1120 parte
1408 1101 1416 1115 ‚
1435 1088 1510 1120 quae

840 1127 1036 1160 Turdetania
1067 1127 1263 1172 appellatur
1276 1151 1285 1166 ‚
1317 1135 1356 1160 ut
1389 1137 1510 1161 auctor

834 1188 884 1213 est
904 1180 1030 1213 Strabo
1048 1180 1111 1213 lib.
1127 1180 1193 1212 III.
1210 1180 1365 1213 Raderus.

891 1245 922 1265 2.
938 1233 1039 1266 Fiant
1050 1232 1087 1265 in
1103 1245 1212 1278 marg.
1227 1231 1283 1266 ed.
1297 1233 1374 1266 Par.
1396 1235 1506 1278 1617.

833 1307 886 1312 —
907 1286 975 1319 Ista
997 1294 1089 1318 sorte.
1117 1286 1194 1319 Hoc
1219 1294 1290 1327 est,
1313 1286 1421 1319 electa
1445 1286 1510 1319 hac

832 1338 969 1371 lacerna
1003 1338 1165 1372 coccinea
1176 1363 1186 1379 ,
1219 1351 1291 1384 qua
1320 1340 1509 1372 utebantur

835 1391 981 1424 Veteres
1001 1390 1044 1425 ad
1061 1390 1251 1425 arcendum
1270 1392 1379 1437 frigus
1396 1400 1430 1426 et
1449 1391 1509 1425 de·

835 1443 1033 1477 clinandam
1048 1444 1214 1489 pluviam.

631 1583 978 1640 CXXXII.

694 1719 921 1769 PILEUS.*

172 1854 218 1896 S1
251 1869 447 1913 possem,
475 1862 588 1896 totas
618 1869 823 1914 cuperem
850 1854 1015 1897 misisse
1039 1852 1259 1909 lacernas;

241 1923 371 1967 Nunc
401 1933 570 1967 tantum
595 1924 726 1984 capiti
750 1940 933 1967 munera
958 1924 1085 1968 mitto
1110 1934 1199 1969 tuo.

172 2045 262 2088 Εἴθε
287 2047 526 2106 ὁλοκλήρους
546 2063 607 2089 σοι
626 2040 833 2106 ἐπωμίδας
853 2046 999 2107 ἴσχυσα
1020 2046 1189 2108 πέμψαι·

240 2118 324 2159 Νῦν
351 2111 394 2159 δὲ
422 2111 573 2176 δίδωμι
603 2117 721 2176 μόνον
750 2117 869 2177 κρατὶ
891 2118 1086 2177 κάλυμμα
1110 2127 1204 2175 τεῷ.

155 2237 169 2250 '¹
194 2240 345 2272 Teilleum
371 2239 450 2273 cod.
473 2239 611 2273 Thuan.
641 2240 772 2272 Forsan

100 2304 165 2337 pro
178 2292 318 2337 pzleum;
339 2304 419 2325 nam
440 2301 474 2326 et
493 2293 652 2326 neutrius
669 2292 774 2325 simul

99 2352 135 2377 et
157 2345 337 2378 masculini
361 2345 495 2389 generis
516 2345 573 2378 illa
594 2358 672 2378 vox.
693 2346 773 2391 Ipse

100 2396 239 2438 Noster,
253 2397 314 2430 lib.
332 2398 431 2439 XIV,
444 2398 649 2444 epigramm.
666 2411 701 2439 Ι,
725 2411 743 2431 2
763 2410 771 2431 2

105 2466 119 2477 ιι
144 2450 306 2494 Dumque
335 2449 460 2484 decent
493 2459 655 2484 nostrum
683 2451 773 2496 pilea

100 2511 237 2547 sumpta
258 2503 393 2536 Jovem.
410 2519 424 2531 »

159 2568 191 2588 1.
226 2556 324 2587 Totas
352 2557 467 2588 misisse
491 2556 642 2590 lacernas.
663 2557 776 2590 Vocat

103 2615 184 2640 totas
206 2608 359 2648 lacernas,
381 2620 458 2653 quae
476 2621 556 2641 cum
574 2609 674 2652 pileis
693 2618 775 2642 sunt

102 2660 174 2693 sive
202 2661 356 2694 cucullis.
390 2661 481 2694 Hinc
510 2669 543 2693 et
575 2661 707 2695 lacerna
737 2675 775 2695 ac

101 2712 217 2746 birrus
242 2726 306 2758 pro
326 2714 464 2746 cucullo
487 2726 524 2746 ac
543 2714 680 2759 capitio.
704 2715 773 2747 Ab·

833 2240 1010 2274 breviator
1023 2240 1115 2274 Festi
1132 2253 1140 2273 :
1156 2241 1294 2281 lacerna,
1313 2242 1397 2287 quod
1408 2245 1506 2276 minus

832 2295 948 2337 capitio
974 2302 1030 2326 est.
1048 2294 1163 2327 Vocat
1190 2302 1303 2327 autem
1332 2298 1501 2340 capitium,

832 2346 954 2392 capitis
970 2355 1220 2392 tegumentum.
1238 2347 1374 2381 Salmas.

889 2412 921 2432 2.
946 2400 1041 2433 Nunc
1066 2408 1200 2440 tantum,
1227 2409 1290 2433 etc.
1318 2400 1437 2441 Quum
1461 2399 1505 2432 ad

833 2453 987 2486 muneris
999 2478 1008 2493 ,
1024 2461 1099 2486 tum
1115 2452 1158 2486 ad
1174 2453 1344 2486 facultatis
1359 2464 1444 2486 meae
1458 2461 1507 2486 te-

834 2505 1005 2538 nuitatem
1019 2505 1250 2539 excusandam
1264 2506 1346 2538 facit
1357 2514 1506 2550 tempus,

835 2557 1029 2592 Saturnalia
1042 2559 1172 2592 scilicet
1184 2559 1221 2590 in
1239 2558 1368 2603 quibus
1383 2559 1505 2603 pileata

834 2610 965 2644 incedit
982 2612 1104 2643 Roma.
1126 2611 1237 2643 Porro
1254 2623 1294 2643 ex
1314 2610 1440 2644 attritis
1456 2611 1504 2644 Ia-

835 2664 949 2696 cernis
969 2663 1059 2708 pilea
1080 2663 1156 2696 fieri
1175 2663 1274 2696 solita
1294 2662 1399 2696 tradit
1420 2664 1505 2697 Bro-

833 2714 927 2748 (laeus
947 2715 1006 2748 lib.
1027 2717 1068 2748 X.
1088 2716 1278 2750 Miscellan.
1296 2729 1371 2762 cap.
1393 2716 1450 2749 35.
