1901 3259
314 200 902 244 EPIGRAMMATUM
939 201 1062 242 LIB.
1102 199 1238 243 XIV.

1385 200 1480 248 255

691 349 876 408 CLX.

449 505 774 534 TOMENTUM
813 502 1104 532 CIRCENSE.

152 633 428 674 TOMENTUM
462 629 640 673 concisa
669 627 792 689 palus
819 628 1024 672 Circense
1053 637 1258 681 vocatur3

221 703 325 744 Haec
356 717 435 760 pro
466 700 715 743 Leuconico
740 699 945 742 stramina
972 713 1139 759 pauper
1165 698 1279 742 emit.

141 849 170 869 ῐ.
192 838 325 870 Concisa
340 837 445 881 palus.
467 836 635 880 Intelligit
657 847 758 868 arun-

84 889 175 922 dinis
207 890 412 935 panniculas
427 914 436 928 ‚
465 900 550 934 quas
585 899 756 933 pauperes

84 954 148 987 pro
168 950 325 975 tomento
338 941 563 974 culcitrarum
583 941 753 973 emebant.

85 994 248 1028 Circense
261 1002 376 1027 autem
393 1001 589 1027 tomentum
604 993 672 1026 hoc
695 1005 755 1025 vo-

83 1048 237 1087 cabatur‚
248 1045 344 1092 quod
354 1046 496 1079 fortasse
506 1045 606 1079 initio
615 1045 757 1078 Circen-

84 1099 178 1132 sibus
208 1100 412 1145 spectaculis
443 1098 510 1132 sibi
535 1098 756 1131 substernere

84 1152 246 1186 solerent.
255 1152 369 1194 Quam
382 1151 556 1186 miSellum
572 1150 620 1192 id,
631 1158 665 1184 et
677 1163 758 1196 pau-

83 1205 227 1250 pertatis
250 1205 436 1251 proprium
466 1203 600 1237 indicat
629 1203 757 1237 Seneca

84 1256 128 1291 de
147 1258 229 1291 Vita
243 1258 363 1298 beata,
383 1270 458 1303 cap.
481 1257 524 1290 25
539 1282 548 1298 ,
567 1256 647 1290 ubi:
669 1274 683 1286 «ι
697 1256 758 1289 Su-

83 1323 146 1355 per
175 1310 338 1344 Circense
364 1318 581 1350 tomentum,
602 1321 666 1354 per
691 1322 759 1342 sar-

85 1372 179 1397 turas
209 1363 334 1396 veteris
358 1363 458 1396 lintei
485 1361 636 1395 influens
657 1362 757 1394 incu-

84 1417 268 1449 babo.=De
284 1416 440 1450 Circensi
457 1424 616 1449 tomento
632 1414 757 1447 Strabo

84 1469 205 1509 lib.V‚
228 1481 338 1514 quum
356 1469 430 1501 haec
449 1467 496 1500 ait
512 1479 521 1501 :
535 1468 622 1512 Τὺφη
645 1480 680 1499 τε
703 1467 757 1499 καὶ

85 1521 250 1566 πάπυρος,
268 1522 384 1557 ἀνθτζλη
403 1519 442 1554 δὲ
461 1521 560 1556 πολλὴ
577 1520 758 1564 κατακομί-

817 836 904 873 ζεται
921 835 1080 880 ποτάμοις
1101 835 1143 873 εἰς
1165 836 1222 871 τὴν
1246 827 1382 880 ῥώμην·
1407 848 1486 870 nam

816 887 950 922 ἀνθήλην
970 888 1088 923 πολλὴν
1112 895 1212 920 vocat
1232 888 1376 921 multam
1397 901 1487 934 pan-

815 939 1014 972 niculorum
1032 939 1245 984 lanuginem.
1261 941 1486 976 Turnebdib.

814 992 884 1032 IX,
900 1004 975 1036 cap.
997 993 1222 1032 24.-——Palus.
1239 993 1340 1027 Palea
1352 1020 1362 1036 ‚
1379 995 1434 1028 vel
1450 995 1487 1028 in

814 1043 1005 1089 paludibus
1023 1056 1182 1079 crescens
1198 1045 1344 1079 arundo.

871 1110 888 1130 2
896 1123 903 1130 .
915 1098 1100 1130 Leuconico.
1111 1096 1243 1131 Eadem
1253 1098 1324 1131 huc
1335 1098 1487 1133 referen-

815 1148 858 1183 da
872 1162 951 1195 quae
967 1153 1001 1183 in
1014 1149 1242 1195 praecedentis
1258 1151 1488 1197 epigramma-

815 1203 858 1236 tis
872 1202 1103 1248 posteriorem
1123 1204 1346 1237 versiculum.
1367 1206 1487 1250 Lingo-

815 1258 885 1288 nico
913 1254 992 1288 edd.
1024 1263 1106 1289 vett.
1137 1257 1310 1289 Leuconico
1342 1261 1488 1291 stramine

815 1308 949 1341 Beverl.
961 1308 1037 1341 MS.
1051 1309 1204 1342 Levonico
1217 1309 1366 1344 Farnab.
1380 1319 1415 1344 et
1430 1314 1490 1344 erit

816 1359 894 1394 cod.
916 1361 1184 1394 Beverl.—Pro
1199 1362 1383 1397 Leuconico.
1403 1363 1490 1397 Sen-

816 1425 875 1446 sus
893 1421 944 1446 est
959 1413 1175 1447 :Leuconico
1193 1422 1351 1449 tomento
1366 1416 1490 1450 farcire

818 1465 883 1499 sibi
897 1465 1038 1500 culcitas
1053 1465 1204 1500 divitum
1216 1476 1284 1511 est,
1294 1481 1489 1515 pauperum

820 1531 902 1551 vero
924 1519 1022 1564 palea
1039 1527 1075 1553 et
1094 1520 1270 1553 stramine.

678 1652 908 1709 CLXI.

675 1806 897 1834 PLUMA.

159 1935 331 1978 LAssus
353 1929 570 1992 Amyclaea
593 1929 756 1990 poteris
781 1927 1053 1988 requiescere
1076 1927 1223 1989 pluma
1238 1965 1248 1983 ‚

230 2003 415 2047 Interior
439 2002 563 2062 cycni
587 2016 716 2061 quam
740 1998 818 2042 tibi
843 1997 941 2042 lana
963 1997 1094 2042 dedit.

159 2117 254 2158 rut’
276 2117 313 2157 ἐν
337 2107 554 2174 Ᾰμυκλαίῳ
574 2119 723 2156 κοπιῶν
744 2112 924 2155 ἀνάπαυε
942 2111 1182 2172 γναφάλλῳ,

226 2176 450 2245 Ἑνδότερος
470 2186 611 2227 κύκνου
632 2184 701 2226 τόν
723 2200 783 2226 σοι
803 2177 928 2225 ἔδωκε
946 2183 1074 2242 χνόος.

146 2303 178 2323 1.
198 2291 314 2321 Lassus
331 2287 509 2334 Arny‘cloea.
528 2286 606 2320 Hoc
622 2295 691 2328 est,
709 2299 766 2331 cy-

90 2354 184 2376 cnea.
217 2341 383 2386 Amyclaei
411 2340 505 2373 enim
546 2341 645 2386 cycni
682 2338 766 2372 dicti

90 2403 192 2435 sunt,
211 2406 269 2427 seu
285 2394 438 2426 Lacones
450 2418 459 2433 ‚
480 2393 525 2425 ob
546 2391 679 2426 Ledam
699 2392 765 2424 La-

90 2459 221 2482 caenam
234 2458 338 2491 quam
353 2446 416 2478 sub
430 2445 533 2490 cycni
545 2446 655 2478 forma
670 2456 765 2479 com-

91 2500 214 2546 pressit
243 2498 394 2543 Jupiter.
420 2498 576 2543 Amyclae
604 2497 766 2530 Laconiae

91 2554 175 2586 urbs
209 2549 449 2584 Lacedaemoni
483 2549 655 2595 proxima.
672 2549 766 2583 Vide

91 2606 152 2639 lib.
169 2605 258 2637 VIII
272 2628 281 2644 ‚
304 2602 414 2648 epigr.
439 2614 565 2635 xxvnI.

150 2670 166 2690 2
175 2683 182 2690 .
195 2658 332 2690 Interior
345 2656 428 2687 lana.
442 2654 683 2687 Tenerrimam
695 2654 769 2698 plu-

94 2722 185 2744 mam
198 2736 206 2751 ‚
219 2709 272 2742 vel
284 2707 483 2752 lanuginem
501 2706 656 2750 intellige
665 2718 768 2751 quam

825 2297 890 2318 nos
916 2284 1059 2331 quidem
1089 2297 1161 2318 non
1188 2286 1258 2331 jam
1284 2287 1498 2332 appellamus

820 2339 948 2383 plume,
970 2337 1032 2371 sed
1052 2338 1153 2370 ducet.
1179 2338 1322 2372 Tenella
1344 2340 1435 2373 enim
1464 2349 1497 2374 et

824 2390 939 2424 mollis
953 2391 1011 2425 illa
1020 2390 1140 2436 pluma
1158 2391 1319 2436 inprimis
1332 2400 1401 2434 est,
1422 2406 1497 2438 quae

825 2444 916 2476 inter
935 2455 1065 2488 pennas
1087 2443 1230 2477 extimas
1248 2451 1282 2476 et
1296 2445 1422 2488 pellem
1444 2446 1496 2478 in-

825 2496 985 2537 venitur,
1004 2504 1038 2529 et
1061 2497 1134 2529 lona
1161 2495 1256 2529 haud
1280 2496 1454 2530 immerito
1479 2511 1497 2531 a

826 2549 933 2581 Poeta
953 2548 1157 2593 appellatur.
1177 2548 1222 2581 Et
1237 2548 1294 2580 illa
1309 2549 1496 2583 solummo-

820 2597 873 2633 ‘do
898 2601 935 2633 in
959 2599 1138 2634 Orcadum
1163 2600 1320 2633 anatibus
1345 2602 1497 2636 celeber-

828 2653 924 2685 rimis
951 2653 1091 2686 maximi
1109 2651 1215 2686 hodie
1238 2653 1441 2696 aestimatur,
1462 2664 1495 2689 et

828 2717 956 2738 nomen
971 2705 1077 2739 habet
1094 2705 1237 2738 e‘dredon.
1259 2705 1325 2738 En.
