2044 3292
540 237 637 266 211)

911 223 973 264 M.
1000 222 1139 264 VAL.
1180 222 1572 264 MARTIALIS

1092 371 1385 426 LXXXI.

1163 527 1256 554 PER
1273 527 1312 554 Α.

601 656 669 698 ΝΕ
696 652 894 697 mendica
922 651 1032 695 ferat
1056 651 1225 695 barbati
1252 650 1433 712 prandia
1461 650 1593 699 nudi,

671 723 869 767 Dormiat
900 731 944 765 et
973 723 1127 766 tetrico
1155 737 1256 765 cum
1282 737 1416 777 canc,
1441 736 1543 783 pera
1571 730 1708 781 rogat.

599 857 756 915 Γυμνοῦ
783 856 990 902 ὑπηνήτου
1019 856 1125 913 πήρη
1157 855 1211 912 μὴ
1240 847 1388 913 δόρπον
1418 852 1544 913 ἀεῖραι

671 930 830 976 Δεῖται,
862 928 1051 984 ὁμιλῆσαι
1077 925 1178 983 μήτε
1208 923 1294 966 κυνὶ
1321 930 1491 985 ςυγερῷ.

585 1072 611 1092 ι.
635 1059 683 1091 Ne
706 1058 846 1090 mendica
860 1059 959 1102 ferat.
981 1057 1067 1090 Pera
1085 1065 1204 1102 rogat,

528 1121 567 1146 ut
595 1113 720 1145 habeat
751 1110 987 1145 honestiorem
1018 1108 1205 1143 dominum

527 1177 630 1212 quam
659 1164 853 1210 Cynicum,
881 1164 980 1209 cujus
1006 1161 1204 1197 mendicata

530 1219 637 1252 frusta
676 1225 820 1263 cogatur
854 1216 944 1250 ferre
960 1242 969 1258 ,
1000 1224 1035 1249 et
1066 1215 1205 1261 pulvini

525 1271 682 1305 officium
717 1269 907 1303 dormienti
942 1276 1116 1315 praestare.
1152 1290 1198 1294 —

528 1324 667 1358 Barbati
690 1323 828 1369 prandia
861 1322 950 1356 nudi.
984 1322 1108 1367 Cynici
1121 1348 1130 1364 ‚
1165 1330 1203 1354 ut

525 1377 716 1411 versiculus
731 1376 892 1422 proxime
909 1387 1056 1421 sequens
1073 1373 1204 1408 indica-

527 1440 626 1465 turus
639 1430 703 1463 tibi
713 1437 764 1463 est
776 1455 785 1470 ‚
798 1428 924 1474 Cynici
937 1428 997 1474 qui
1009 1428 1088 1473 plus
1099 1427 1201 1461 etiam

525 1496 631 1529 quani
646 1483 702 1516 alii
718 1481 922 1527 philosophi
942 1481 1038 1522 βαθὺν
1057 1482 1201 1526 πώγωνα

528 1535 581 1569 καὶ
605 1537 719 1581 σεμνὸν
743 1534 864 1580 pascit.

583 1602 614 1622 2.
641 1589 740 1621 Tristi
764 1586 819 1620 ed.
843 1587 943 1620 Bar-h.
965 1585 1020 1619 Sic
1043 1587 1128 1619 alios
1152 1587 1198 1618 le-

525 1654 606 1687 gere
632 1648 732 1674 notat
757 1639 934 1674 Schrevel.
960 1651 1025 1672 nec
1049 1639 1198 1672 multum

525 1695 622 1728 abest
640 1693 725 1739 quin
747 1693 898 1739 probare
917 1691 1086 1725 videatur.
1108 1692 1198 1724 Prae-

526 1747 668 1780 tulerim
687 1758 750 1792 ego
766 1745 833 1779 hoc
848 1745 964 1778 forsan
978 1745 1013 1777 in
1028 1744 1199 1778 Cicerone

525 1809 585 1833 aut
622 1799 788 1840 Horati03
818 1806 853 1831 at
881 1798 1011 1831 notabo
1044 1796 1196 1830 Martiali

522 1854 613 1886 lianc
636 1864 757 1885 vocem
774 1851 810 1884 in
831 1849 965 1884 deliciis
980 1850 1085 1882 fuisse
1106 1860 1195 1894 quo-

524 1906 589 1939 ties
621 1904 665 1937 de
694 1905 733 1937 iis
764 1901 982 1949 loquendum
1016 1902 1107 1935 foret
1135 1901 1195 1947 qui

523 1970 664 2004 gravem
684 1966 716 1990 et
739 1968 912 1989 morosam
932 1963 966 1988 et
987 1955 1066 2000 plus
1088 1966 1193 2000 quam

525 2011 752 2045 Catonianam
767 2008 973 2054 sapientiam
986 2020 1060 2053 prae
1073 2019 1109 2040 se
1131 2007 1196 2040 fer-

525 2072 615 2098 rent.
639 2063 693 2096 Sic
714 2062 774 2095 lib.
798 2062 832 2102 1,
853 2061 1056 2106 epigramm.
1072 2072 1163 2093 Lxm
1183 2074 1190 2092 ε

527 2121 667 2155 «Casta,
687 2126 750 2147 nec
771 2113 923 2160 antiquis
944 2111 1070 2147 cedens
1085 2112 1194 2145 Laevi-

521 2182 565 2202 na
583 2167 720 2202 Sabinis
738 2167 782 2199 Et
801 2166 961 2211 quamvis
982 2165 1106 2199 tetrico
1129 2165 1191 2198 tri-

519 2223 606 2255 stior
634 2221 706 2265 ipsa
732 2219 818 2252 viro.
841 2237 853 2249 »ι
875 2219 952 2252 Lib.
969 2218 1058 2260 VH,
1080 2218 1190 2264 epigr.

524 2285 682 2309 Lxxxvnt
698 2284 705 2306 :
723 2290 735 2301 «
756 2272 814 2305 Me
832 2272 914 2318 legit
933 2270 1047 2304 omnis
1068 2271 1116 2304 ibi
1138 2283 1190 2304 se-

521 2329 600 2361 nior
617 2326 822 2372 juvenisque
841 2337 1001 2371 puerque
1013 2324 1058 2357 Et
1071 2336 1188 2357 coram

519 2381 644 2415 tetrico
659 2387 748 2413 casta
762 2378 877 2423 puella
892 2378 979 2410 viro.
996 2395 1009 2406 ι»
1024 2377 1111 2410 Item
1127 2377 1186 2410 lib.

516 2435 586 2474 XI,
599 2433 706 2478 epigr.
719 2444 748 2465 11
767 2442 798 2463 z«
811 2431 975 2465 Lectores
994 2430 1119 2471 tetrici,
1136 2442 1187 2463 sa-

515 2487 690 2520 lebrosum
704 2482 846 2517 ediscite
853 2484 1031 2517 Sanctram
1042 2495 1072 2524 3¹„
1086 2495 1168 2516 mox
1178 2508 1186 2519 ,

515 2537 625 2584 ejusd.
643 2538 704 2571 lib.
728 2537 836 2582 epigr.
860 2549 950 2570 xun
970 2549 978 2570 :
996 2555 1008 2566 «ι
1028 2537 1187 2581 Depren—

514 2604 590 2625 sum
624 2591 660 2623 in
698 2603 808 2636 puero
840 2590 971 2624 tetricis
1004 2602 1059 2622 nie
1092 2589 1185 2622 voci-

514 2646 577 2678 bus
593 2670 600 2685 ‚
619 2656 724 2683 uxor,
744 2636 876 2687 Urges!
891 2661 904 2672 u
920 2664 971 2671 --
992 2642 1070 2675 Cum
1098 2656 1183 2674 cane.

1265 1057 1342 1092 Hoc
1366 1065 1436 1096 est,
1457 1069 1537 1091 cum
1563 1057 1725 1101 Cynico,
1752 1069 1831 1090 nam
1860 1058 1939 1091 satis

1264 1118 1389 1144 notum
1405 1112 1512 1149 Κύνας
1528 1109 1563 1142 in
1576 1109 1709 1143 Graecia
1718 1135 1728 1151 ,
1741 1123 1832 1142 canes
1844 1110 1936 1156 apud

1264 1163 1407 1197 Latinos
1422 1163 1625 1209 saepiuscule
1644 1163 1797 1210 Cynicos
1819 1163 1936 1210 appel-

1263 1215 1350 1249 latos
1365 1243 1373 1256 ‚
1397 1216 1489 1258 sive,
1510 1224 1549 1249 ut
1572 1214 1715 1261 quidam
1730 1216 1894 1257 voluere,
1918 1229 1936 1249 a

1261 1269 1401 1314 porticu
1409 1269 1624 1302 Athenarum
1633 1270 1821 1314 κυνοσοὶργει
1832 1282 1842 1310 ;
1852 1269 1934 1309 sive,

1262 1321 1360 1367 quod
1379 1323 1486 1367 magis
1503 1321 1576 1355 veri
1598 1322 1749 1367 speciem
1768 1323 1804 1355 in
1824 1335 1859 1356 se
1878 1323 1935 1356 ha—

1261 1375 1339 1416 bet,
1358 1374 1454 1420 quod
1474 1375 1581 1408 instar
1600 1386 1726 1408 canum
1745 1375 1868 1409 obvios
1886 1374 1937 1408 di-

1261 1427 1324 1461 ctis
1341 1428 1540 1461 allatrarent
1556 1436 1589 1461 et
1603 1427 1825 1468 morderent,
1839 1441 1937 1462 men-

1260 1479 1377 1514 dicato
1400 1481 1578 1521 viverent,
1600 1479 1743 1514 sordide
1763 1489 1798 1515 et
1818 1481 1932 1527 impu—

1260 1531 1384 1567 denter
1405 1542 1439 1568 et
1461 1534 1526 1567 sub
1545 1532 1605 1566 dio
1626 1532 1812 1579 degerent,
1832 1534 1878 1567 ita
1895 1542 1934 1567 ut

1260 1586 1294 1619 in
1322 1587 1435 1620 triviis
1455 1587 1557 1620 etiam
1584 1594 1694 1620 amata
1719 1587 1930 1632 potirentur.

1262 1638 1335 1672 Nec
1357 1639 1482 1673 harum
1501 1651 1620 1672 rerum
1640 1639 1789 1673 accusati
1808 1641 1932 1673 erube—

1257 1692 1423 1733 scebant,
1440 1703 1554 1736 neque
1569 1692 1772 1737 impositum
1792 1703 1810 1725 a
1830 1693 1932 1737 plebe

1257 1755 1387 1777 nomen
1397 1743 1637 1777 detrectabant
1648 1744 1774 1778 :immo
1784 1743 1842 1778 die
1851 1757 1932 1791 qua-

1256 1794 1337 1828 dam
1363 1796 1600 1842 interrogatus
1627 1796 1800 1842 Diogenes
1826 1810 1928 1843 quam

1256 1848 1302 1882 ob
1319 1861 1457 1882 causam
1474 1849 1578 1883 Canis
1593 1850 1842 1895 appellaretur,
1856 1851 1930 1884 haec

1255 1901 1549 1947 responditzTobc
1567 1902 1623 1947 μὲν
1642 1898 1799 1942 &ww-<24
1816 1904 1928 1945 σαίνω,

1255 1955 1327 1994 τοὺς
1355 1951 1393 1988 δὲ
1422 1955 1466 2000 μὴ
1493 1952 1651 1994 δίδοντας
1684 1957 1831 1998 blant-«3»,
1855 1957 1927 1995 τοὺς

1254 2004 1293 2040 δὲ
1317 2008 1467 2053 πονήρως
1495 2005 1619 2041 δάκνω.
1640 2008 1686 2041 Et
1707 2008 1780 2054 ipse
1801 2009 1928 2043 Noster

1253 2060 1315 2093 lib.
1335 2061 1400 2102 IV,
1422 2061 1531 2106 epigr.
1548 2072 1617 2094 1„111
1631 2086 1640 2102 ,
1661 2073 1708 2094 vs.
1731 2062 1764 2095 8.
1787 2078 1801 2091 α
1820 2061 1927 2095 Hunc

1253 2125 1357 2158 quem
1374 2125 1463 2160 saepe
1482 2112 1579 2147 vides
1584 2138 1676 2147 .....
1694 2113 1783 2147 Cum
1801 2114 1926 2148 haculo

1252 2177 1404 2211 peraque
1416 2177 1532 2199 senem
1543 2191 1552 2207 ‚
1567 2167 1624 2199 cui
1641 2178 1727 2200 cana
1739 2167 1925 2214 putrisque

1251 2218 1325 2252 Stat
1353 2231 1452 2252 coma
1469 2246 1478 2259 ,
1506 2227 1540 2252 et
1572 2219 1608 2252 in
1634 2227 1757 2264 pectus
1784 2219 1923 2254 sordida

1250 2271 1357 2305 barba
1371 2270 1501 2305 cadit...
1519 2272 1600 2305 Esse
1616 2281 1716 2317 putas
1733 2272 1922 2318 Cynicum,

1250 2323 1416 2370 deceptus
1445 2325 1591 2369 imagine
1623 2325 1727 2359 falsa?
1757 2326 1837 2359 Non
1873 2334 1920 2359 est

1249 2376 1307 2411 hic
1335 2377 1510 2423 Cynicus,
1533 2377 1658 2412 Cosme
1678 2390 1685 2410 :
1706 2377 1793 2424 quid
1815 2378 1922 2424 ergo?

1249 2430 1364 2464 Canis.
1374 2429 1487 2463 »Vide
1496 2442 1636 2476 (suoque
1645 2431 1841 2464 Lucianum
1851 2444 1921 2465 sex-

1247 2483 1356 2516 centis
1379 2483 1415 2516 in
1439 2484 1522 2516 locis
1541 2483 1679 2529 Colloq.
1699 2492 1919 2518 mortuorum

1247 2544 1281 2569 et
1300 2536 1334 2568 in
1355 2537 1435 2570 Βίων
1458 2537 1598 2581 πράσει,
1618 2537 1754 2570 Arriani
1769 2537 1918 2582 Epicteti

1247 2588 1480 2623 Euchiridion
1513 2598 1547 2623 et
1571 2589 1852 2626 ‹Essertationem
1885 2599 1917 2623 et

1247 2642 1453 2676 Athenaeum
1467 2669 1475 2684 ‚
1498 2643 1717 2688 Dipnosopli.
1739 2643 1798 2676 lib.
1819 2643 1914 2676 XIII.
