<?xml version="1.0" encoding="UTF-8"?>
<!DOCTYPE html PUBLIC "-//W3C//DTD XHTML 1.0 Transitional//EN"
    "http://www.w3.org/TR/xhtml1/DTD/xhtml1-transitional.dtd">
<html xmlns="http://www.w3.org/1999/xhtml" xml:lang="en" lang="en">
 <head>
  <title>
</title>
<meta http-equiv="Content-Type" content="text/html;charset=utf-8" />
  <meta name='ocr-system' content='tesseract 3.04.00' />
  <meta name='ocr-capabilities' content='ocr_page ocr_carea ocr_par ocr_line ocrx_word'/>
</head>
<body>
  <div class='ocr_page' id='page_1' title='image "./epigrammata03martuoft_0154.png"; bbox 0 0 2044 3292; ppageno 0'>
   <div class='ocr_carea' id='block_1_1' title="bbox 518 275 607 304">
    <p class='ocr_par' dir='ltr' id='par_1_1' title="bbox 518 275 607 304">
     <span class='ocr_line' id='line_1_1' title="bbox 518 275 607 304; baseline -0.022 0"><span class='ocrx_word' id='word_1_1' title='bbox 518 275 607 304; x_wconf 81' lang='lat'>110</span> 
     </span>
    </p>
   </div>
   <div class='ocr_carea' id='block_1_2' title="bbox 886 257 1539 302">
    <p class='ocr_par' dir='ltr' id='par_1_2' title="bbox 886 257 1539 302">
     <span class='ocr_line' id='line_1_2' title="bbox 886 257 1539 302; baseline 0 -1"><span class='ocrx_word' id='word_1_2' title='bbox 886 260 946 301; x_wconf 89' lang='lat' dir='ltr'>M.</span> <span class='ocrx_word' id='word_1_3' title='bbox 978 259 1115 302; x_wconf 88' lang='lat' dir='ltr'><strong>VAL.</strong></span> <span class='ocrx_word' id='word_1_4' title='bbox 1150 257 1539 301; x_wconf 78' lang='lat' dir='ltr'>MARTIALIS</span> 
     </span>
    </p>
   </div>
   <div class='ocr_carea' id='block_1_3' title="bbox 1056 406 1375 463">
    <p class='ocr_par' dir='ltr' id='par_1_3' title="bbox 1056 406 1375 463">
     <span class='ocr_line' id='line_1_3' title="bbox 1056 406 1375 463; baseline -0.003 0"><span class='ocrx_word' id='word_1_5' title='bbox 1056 406 1375 463; x_wconf 87' lang='lat' dir='ltr'>XXXIII.</span> 
     </span>
    </p>
   </div>
   <div class='ocr_carea' id='block_1_4' title="bbox 904 543 1512 593">
    <p class='ocr_par' dir='ltr' id='par_1_4' title="bbox 904 543 1512 593">
     <span class='ocr_line' id='line_1_4' title="bbox 904 543 1512 593; baseline -0.002 -1"><span class='ocrx_word' id='word_1_6' title='bbox 904 563 1068 592; x_wconf 72' lang='lat' dir='ltr'><strong>cAsm</strong></span> <span class='ocrx_word' id='word_1_7' title='bbox 1122 543 1512 593; x_wconf 68' lang='lat' dir='ltr'><strong>TREBULANL*</strong></span> 
     </span>
    </p>
   </div>
   <div class='ocr_carea' id='block_1_5' title="bbox 579 687 1802 821">
    <p class='ocr_par' dir='ltr' id='par_1_5' title="bbox 579 687 1802 821">
     <span class='ocr_line' id='line_1_5' title="bbox 579 687 1802 750; baseline -0.002 -15"><span class='ocrx_word' id='word_1_8' title='bbox 579 692 796 735; x_wconf 76' lang='lat' dir='ltr'><strong>TREBULA</strong></span> <span class='ocrx_word' id='word_1_9' title='bbox 825 703 905 732; x_wconf 87' lang='lat' dir='ltr'>nos</span> <span class='ocrx_word' id='word_1_10' title='bbox 936 688 1108 749; x_wconf 82' lang='lat' dir='ltr'>genuit3</span> <span class='ocrx_word' id='word_1_11' title='bbox 1141 688 1423 733; x_wconf 82' lang='lat' dir='ltr'>commendat</span> <span class='ocrx_word' id='word_1_12' title='bbox 1452 688 1589 750; x_wconf 84' lang='lat' dir='ltr'>gratia</span> <span class='ocrx_word' id='word_1_13' title='bbox 1620 687 1802 750; x_wconf 85' lang='lat' dir='ltr'>duplex,</span> 
     </span>
     <span class='ocr_line' id='line_1_6' title="bbox 649 756 1618 821; baseline -0.001 -18"><span class='ocrx_word' id='word_1_14' title='bbox 649 760 752 804; x_wconf 85' lang='lat' dir='ltr'>Sive</span> <span class='ocrx_word' id='word_1_15' title='bbox 777 756 861 802; x_wconf 87' lang='lat' dir='ltr'>levi</span> <span class='ocrx_word' id='word_1_16' title='bbox 887 758 1088 816; x_wconf 83' lang='lat' dir='ltr'>flamma,</span> <span class='ocrx_word' id='word_1_17' title='bbox 1110 759 1201 804; x_wconf 85' lang='lat' dir='ltr'>sive</span> <span class='ocrx_word' id='word_1_18' title='bbox 1231 758 1464 804; x_wconf 84' lang='lat' dir='ltr'><strong>domamur</strong></span> <span class='ocrx_word' id='word_1_19' title='bbox 1494 774 1618 821; x_wconf 84' lang='lat' dir='ltr'>aqua.</span> 
     </span>
    </p>
   </div>
   <div class='ocr_carea' id='block_1_6' title="bbox 577 893 1689 1032">
    <p class='ocr_par' dir='ltr' id='par_1_6' title="bbox 577 893 1689 1032">
     <span class='ocr_line' id='line_1_7' title="bbox 577 893 1689 960; baseline 0.001 -18"><span class='ocrx_word' id='word_1_20' title='bbox 577 895 801 959; x_wconf 65' lang='grc' dir='ltr'>Τρεὲλῆθεν</span> <span class='ocrx_word' id='word_1_21' title='bbox 833 898 1079 960; x_wconf 82' lang='grc' dir='ltr'>γενόμεσθα,</span> <span class='ocrx_word' id='word_1_22' title='bbox 1104 893 1229 948; x_wconf 76' lang='grc' dir='ltr'>διπλῆ</span> <span class='ocrx_word' id='word_1_23' title='bbox 1254 900 1368 960; x_wconf 81' lang='grc' dir='ltr'>χάρις</span> <span class='ocrx_word' id='word_1_24' title='bbox 1396 900 1533 960; x_wconf 83' lang='grc' dir='ltr'>ἔςεφεν</span> <span class='ocrx_word' id='word_1_25' title='bbox 1557 902 1689 959; x_wconf 82' lang='grc' dir='ltr'><strong>ἡμᾶς,</strong></span> 
     </span>
     <span class='ocr_line' id='line_1_8' title="bbox 645 964 1662 1032; baseline 0.002 -20"><span class='ocrx_word' id='word_1_26' title='bbox 645 968 732 1012; x_wconf 84' lang='grc' dir='ltr'>Εἴθ’</span> <span class='ocrx_word' id='word_1_27' title='bbox 759 972 866 1030; x_wconf 73' lang='grc' dir='ltr'>ἡμᾶς</span> <span class='ocrx_word' id='word_1_28' title='bbox 895 970 1025 1032; x_wconf 83' lang='grc' dir='ltr'>βραχὺ</span> <span class='ocrx_word' id='word_1_29' title='bbox 1051 976 1130 1031; x_wconf 80' lang='grc' dir='ltr'>πῦρ</span> <span class='ocrx_word' id='word_1_30' title='bbox 1162 964 1392 1031; x_wconf 76' lang='grc' dir='ltr'>δάμναται,</span> <span class='ocrx_word' id='word_1_31' title='bbox 1420 968 1500 1014; x_wconf 82' lang='grc' dir='ltr'>εἴτε</span> <span class='ocrx_word' id='word_1_32' title='bbox 1527 966 1662 1021; x_wconf 57' lang='grc' dir='ltr'><strong>λιςοίς.</strong></span> 
     </span>
    </p>
   </div>
   <div class='ocr_carea' id='block_1_7' title="bbox 507 1085 1188 1455">
    <p class='ocr_par' dir='ltr' id='par_1_7' title="bbox 507 1085 1185 1190">
     <span class='ocr_line' id='line_1_9' title="bbox 559 1085 1185 1134; baseline 0 -10"><span class='ocrx_word' id='word_1_33' title='bbox 559 1085 573 1101; x_wconf 70' lang='grc'><strong>“</strong></span> <span class='ocrx_word' id='word_1_34' title='bbox 593 1090 667 1125; x_wconf 90' lang='lat' dir='ltr'>Nec</span> <span class='ocrx_word' id='word_1_35' title='bbox 684 1088 788 1125; x_wconf 84' lang='lat' dir='ltr'><strong>codd.</strong></span> <span class='ocrx_word' id='word_1_36' title='bbox 807 1089 865 1125; x_wconf 87' lang='lat' dir='ltr'>hic</span> <span class='ocrx_word' id='word_1_37' title='bbox 883 1090 1037 1134; x_wconf 87' lang='lat' dir='ltr'>variant,</span> <span class='ocrx_word' id='word_1_38' title='bbox 1057 1103 1122 1126; x_wconf 86' lang='lat' dir='ltr'>nec</span> <span class='ocrx_word' id='word_1_39' title='bbox 1144 1091 1185 1124; x_wconf 88' lang='lat' dir='ltr'>li-</span> 
     </span>
     <span class='ocr_line' id='line_1_10' title="bbox 507 1142 844 1190; baseline -0.003 -11"><span class='ocrx_word' id='word_1_40' title='bbox 507 1143 562 1179; x_wconf 85' lang='lat' dir='ltr'>bri</span> <span class='ocrx_word' id='word_1_41' title='bbox 587 1143 696 1190; x_wconf 85' lang='lat' dir='ltr'>praelo</span> <span class='ocrx_word' id='word_1_42' title='bbox 714 1142 844 1178; x_wconf 83' lang='lat' dir='ltr'>excusi.</span> 
     </span>
    </p>

    <p class='ocr_par' dir='ltr' id='par_1_8' title="bbox 507 1196 1188 1455">
     <span class='ocr_line' id='line_1_11' title="bbox 565 1196 1186 1242; baseline 0.002 -13"><span class='ocrx_word' id='word_1_43' title='bbox 565 1209 597 1230; x_wconf 87' lang='lat'>1.</span> <span class='ocrx_word' id='word_1_44' title='bbox 620 1196 757 1230; x_wconf 76' lang='lat' dir='ltr'><em>Trebula</em></span> <span class='ocrx_word' id='word_1_45' title='bbox 783 1209 840 1230; x_wconf 82' lang='lat' dir='ltr'>nos</span> <span class='ocrx_word' id='word_1_46' title='bbox 869 1199 990 1242; x_wconf 77' lang='lat' dir='ltr'>genuit.</span> <span class='ocrx_word' id='word_1_47' title='bbox 1007 1196 1118 1230; x_wconf 86' lang='lat' dir='ltr'>Vicus</span> <span class='ocrx_word' id='word_1_48' title='bbox 1149 1196 1186 1230; x_wconf 90' lang='lat' dir='ltr'>in</span> 
     </span>
     <span class='ocr_line' id='line_1_12' title="bbox 507 1248 1187 1295; baseline 0 -12"><span class='ocrx_word' id='word_1_49' title='bbox 507 1249 642 1284; x_wconf 85' lang='lat' dir='ltr'>Sabinis</span> <span class='ocrx_word' id='word_1_50' title='bbox 666 1248 710 1283; x_wconf 90' lang='lat' dir='ltr'>de</span> <span class='ocrx_word' id='word_1_51' title='bbox 737 1262 809 1295; x_wconf 90' lang='lat' dir='ltr'>quo</span> <span class='ocrx_word' id='word_1_52' title='bbox 825 1250 897 1295; x_wconf 87' lang='lat' dir='ltr'>jam</span> <span class='ocrx_word' id='word_1_53' title='bbox 917 1262 982 1283; x_wconf 90' lang='lat' dir='ltr'>nos</span> <span class='ocrx_word' id='word_1_54' title='bbox 1000 1248 1045 1283; x_wconf 86' lang='lat' dir='ltr'>ad</span> <span class='ocrx_word' id='word_1_55' title='bbox 1062 1249 1125 1283; x_wconf 88' lang='lat' dir='ltr'>lib.</span> <span class='ocrx_word' id='word_1_56' title='bbox 1139 1250 1187 1292; x_wconf 91' lang='lat' dir='ltr'>V,</span> 
     </span>
     <span class='ocr_line' id='line_1_13' title="bbox 509 1302 1188 1348; baseline 0 -12"><span class='ocrx_word' id='word_1_57' title='bbox 509 1302 618 1348; x_wconf 81' lang='lat' dir='ltr'>epigr.</span> <span class='ocrx_word' id='word_1_58' title='bbox 634 1315 714 1336; x_wconf 71' lang='lat' dir='ltr'>Lxxt</span> <span class='ocrx_word' id='word_1_59' title='bbox 723 1328 732 1344; x_wconf 94' lang='lat'><strong>‚</strong></span> <span class='ocrx_word' id='word_1_60' title='bbox 742 1315 775 1337; x_wconf 90' lang='lat' dir='ltr'>v.</span> <span class='ocrx_word' id='word_1_61' title='bbox 795 1315 808 1337; x_wconf 94' lang='lat'>1</span> <span class='ocrx_word' id='word_1_62' title='bbox 817 1328 825 1336; x_wconf 88' lang='lat'><strong>.</strong></span> <span class='ocrx_word' id='word_1_63' title='bbox 837 1302 930 1336; x_wconf 88' lang='lat' dir='ltr'>Hinc</span> <span class='ocrx_word' id='word_1_64' title='bbox 941 1303 1030 1337; x_wconf 84' lang='lat' dir='ltr'>casei</span> <span class='ocrx_word' id='word_1_65' title='bbox 1040 1303 1188 1336; x_wconf 88' lang='lat' dir='ltr'>Romam</span> 
     </span>
     <span class='ocr_line' id='line_1_14' title="bbox 509 1355 1188 1402; baseline 0.003 -14"><span class='ocrx_word' id='word_1_66' title='bbox 509 1355 765 1398; x_wconf 84' lang='lat' dir='ltr'>afferebantur,</span> <span class='ocrx_word' id='word_1_67' title='bbox 795 1355 856 1402; x_wconf 88' lang='lat' dir='ltr'>qui</span> <span class='ocrx_word' id='word_1_68' title='bbox 884 1355 973 1401; x_wconf 83' lang='lat' dir='ltr'>grati</span> <span class='ocrx_word' id='word_1_69' title='bbox 1002 1364 1101 1390; x_wconf 87' lang='lat' dir='ltr'>erant</span> <span class='ocrx_word' id='word_1_70' title='bbox 1134 1368 1188 1390; x_wconf 83' lang='lat' dir='ltr'>sa-</span> 
     </span>
     <span class='ocr_line' id='line_1_15' title="bbox 507 1408 1186 1455; baseline 0.001 -13"><span class='ocrx_word' id='word_1_71' title='bbox 507 1408 604 1453; x_wconf 85' lang='lat' dir='ltr'>poris</span> <span class='ocrx_word' id='word_1_72' title='bbox 613 1433 624 1450; x_wconf 92' lang='lat'>,</span> <span class='ocrx_word' id='word_1_73' title='bbox 635 1409 707 1443; x_wconf 87' lang='lat' dir='ltr'>sive</span> <span class='ocrx_word' id='word_1_74' title='bbox 719 1409 818 1452; x_wconf 85' lang='lat' dir='ltr'>tosti,</span> <span class='ocrx_word' id='word_1_75' title='bbox 828 1408 901 1442; x_wconf 91' lang='lat' dir='ltr'>sive</span> <span class='ocrx_word' id='word_1_76' title='bbox 913 1420 1004 1455; x_wconf 86' lang='lat' dir='ltr'>aqua</span> <span class='ocrx_word' id='word_1_77' title='bbox 1012 1409 1186 1443; x_wconf 81' lang='lat' dir='ltr'>macerati.</span> 
     </span>
    </p>
   </div>
   <div class='ocr_carea' id='block_1_8' title="bbox 1245 1090 1923 1454">
    <p class='ocr_par' dir='ltr' id='par_1_9' title="bbox 1245 1090 1923 1284">
     <span class='ocr_line' id='line_1_16' title="bbox 1246 1090 1923 1136; baseline 0.001 -12"><span class='ocrx_word' id='word_1_78' title='bbox 1246 1112 1295 1117; x_wconf 92' lang='lat'><strong>—</strong></span> <span class='ocrx_word' id='word_1_79' title='bbox 1319 1090 1525 1125; x_wconf 82' lang='lat' dir='ltr'><em>Commendat</em></span> <span class='ocrx_word' id='word_1_80' title='bbox 1546 1093 1655 1136; x_wconf 77' lang='lat' dir='ltr'>gratia</span> <span class='ocrx_word' id='word_1_81' title='bbox 1684 1091 1811 1136; x_wconf 68' lang='lat' dir='ltr'>duplex.</span> <span class='ocrx_word' id='word_1_82' title='bbox 1829 1091 1923 1125; x_wconf 88' lang='lat' dir='ltr'>Usus</span> 
     </span>
     <span class='ocr_line' id='line_1_17' title="bbox 1245 1142 1923 1190; baseline 0 -12"><span class='ocrx_word' id='word_1_83' title='bbox 1245 1142 1376 1190; x_wconf 88' lang='lat' dir='ltr'>duplex</span> <span class='ocrx_word' id='word_1_84' title='bbox 1386 1144 1489 1178; x_wconf 85' lang='lat' dir='ltr'>nohis</span> <span class='ocrx_word' id='word_1_85' title='bbox 1503 1157 1576 1178; x_wconf 86' lang='lat' dir='ltr'>esse</span> <span class='ocrx_word' id='word_1_86' title='bbox 1590 1152 1722 1190; x_wconf 85' lang='lat' dir='ltr'>potest,</span> <span class='ocrx_word' id='word_1_87' title='bbox 1739 1153 1774 1190; x_wconf 81' lang='lat' dir='ltr'>et</span> <span class='ocrx_word' id='word_1_88' title='bbox 1783 1142 1923 1178; x_wconf 83' lang='lat' dir='ltr'>duobus</span> 
     </span>
     <span class='ocr_line' id='line_1_18' title="bbox 1245 1195 1921 1243; baseline 0 -13"><span class='ocrx_word' id='word_1_89' title='bbox 1245 1195 1360 1231; x_wconf 87' lang='lat' dir='ltr'>modis</span> <span class='ocrx_word' id='word_1_90' title='bbox 1379 1209 1460 1231; x_wconf 90' lang='lat' dir='ltr'>cum</span> <span class='ocrx_word' id='word_1_91' title='bbox 1479 1197 1647 1232; x_wconf 84' lang='lat' dir='ltr'>suavitate</span> <span class='ocrx_word' id='word_1_92' title='bbox 1665 1197 1701 1230; x_wconf 90' lang='lat' dir='ltr'>in</span> <span class='ocrx_word' id='word_1_93' title='bbox 1724 1197 1842 1231; x_wconf 86' lang='lat' dir='ltr'>cibum</span> <span class='ocrx_word' id='word_1_94' title='bbox 1862 1209 1921 1243; x_wconf 84' lang='lat' dir='ltr'>pa-</span> 
     </span>
     <span class='ocr_line' id='line_1_19' title="bbox 1245 1262 1377 1284; baseline -0.008 0"><span class='ocrx_word' id='word_1_95' title='bbox 1245 1262 1377 1284; x_wconf 85' lang='lat' dir='ltr'>ramur.</span> 
     </span>
    </p>

    <p class='ocr_par' dir='ltr' id='par_1_10' title="bbox 1246 1302 1922 1454">
     <span class='ocr_line' id='line_1_20' title="bbox 1302 1302 1921 1348; baseline 0 -12"><span class='ocrx_word' id='word_1_96' title='bbox 1302 1315 1320 1336; x_wconf 79' lang='lat'>2</span> <span class='ocrx_word' id='word_1_97' title='bbox 1329 1329 1336 1337; x_wconf 90' lang='lat'><strong><em>.</em></strong></span> <span class='ocrx_word' id='word_1_98' title='bbox 1348 1302 1420 1337; x_wconf 78' lang='lat' dir='ltr'>Sive</span> <span class='ocrx_word' id='word_1_99' title='bbox 1430 1303 1637 1348; x_wconf 77' lang='lat' dir='ltr'>leviflamma.</span> <span class='ocrx_word' id='word_1_100' title='bbox 1648 1302 1726 1337; x_wconf 89' lang='lat' dir='ltr'>Sive</span> <span class='ocrx_word' id='word_1_101' title='bbox 1737 1310 1921 1337; x_wconf 86' lang='lat' dir='ltr'>torremur.</span> 
     </span>
     <span class='ocr_line' id='line_1_21' title="bbox 1246 1354 1922 1403; baseline -0.001 -13"><span class='ocrx_word' id='word_1_102' title='bbox 1246 1356 1318 1390; x_wconf 80' lang='lat' dir='ltr'>Sive</span> <span class='ocrx_word' id='word_1_103' title='bbox 1331 1356 1495 1389; x_wconf 86' lang='lat' dir='ltr'><em>domamur</em></span> <span class='ocrx_word' id='word_1_104' title='bbox 1502 1369 1597 1403; x_wconf 84' lang='lat' dir='ltr'>aqua.</span> <span class='ocrx_word' id='word_1_105' title='bbox 1613 1356 1693 1391; x_wconf 87' lang='lat' dir='ltr'>Sive</span> <span class='ocrx_word' id='word_1_106' title='bbox 1709 1354 1922 1390; x_wconf 85' lang='lat' dir='ltr'>descobinati</span> 
     </span>
     <span class='ocr_line' id='line_1_22' title="bbox 1247 1410 1568 1454; baseline 0 -12"><span class='ocrx_word' id='word_1_107' title='bbox 1247 1421 1464 1443; x_wconf 86' lang='lat' dir='ltr'>maceramur</span> <span class='ocrx_word' id='word_1_108' title='bbox 1480 1410 1568 1454; x_wconf 86' lang='lat' dir='ltr'>jure.</span> 
     </span>
    </p>
   </div>
   <div class='ocr_carea' id='block_1_9' title="bbox 1053 1544 1358 1600">
    <p class='ocr_par' dir='ltr' id='par_1_11' title="bbox 1053 1544 1358 1600">
     <span class='ocr_line' id='line_1_23' title="bbox 1053 1544 1358 1600; baseline 0 -1"><span class='ocrx_word' id='word_1_109' title='bbox 1053 1544 1358 1600; x_wconf 89' lang='lat' dir='ltr'>XXXIV.</span> 
     </span>
    </p>
   </div>
   <div class='ocr_carea' id='block_1_10' title="bbox 1116 1680 1324 1730">
    <p class='ocr_par' dir='ltr' id='par_1_12' title="bbox 1116 1680 1324 1730">
     <span class='ocr_line' id='line_1_24' title="bbox 1116 1680 1324 1730; baseline -0.005 0"><span class='ocrx_word' id='word_1_110' title='bbox 1116 1680 1324 1730; x_wconf 62' lang='lat' dir='ltr'>BULBL*</span> 
     </span>
    </p>
   </div>
   <div class='ocr_carea' id='block_1_11' title="bbox 576 1821 1889 1954">
    <p class='ocr_par' dir='ltr' id='par_1_13' title="bbox 576 1821 1889 1954">
     <span class='ocr_line' id='line_1_25' title="bbox 576 1821 1889 1882; baseline -0.002 -13"><span class='ocrx_word' id='word_1_111' title='bbox 576 1823 728 1881; x_wconf 83' lang='lat' dir='ltr'>QUUM</span> <span class='ocrx_word' id='word_1_112' title='bbox 756 1823 810 1868; x_wconf 86' lang='lat' dir='ltr'>sit</span> <span class='ocrx_word' id='word_1_113' title='bbox 834 1838 943 1866; x_wconf 86' lang='lat' dir='ltr'>anus</span> <span class='ocrx_word' id='word_1_114' title='bbox 971 1822 1156 1882; x_wconf 75' lang='lat' dir='ltr'>conqu‚</span> <span class='ocrx_word' id='word_1_115' title='bbox 1180 1831 1225 1866; x_wconf 84' lang='lat' dir='ltr'>et</span> <span class='ocrx_word' id='word_1_116' title='bbox 1252 1822 1337 1865; x_wconf 89' lang='lat' dir='ltr'>sint</span> <span class='ocrx_word' id='word_1_117' title='bbox 1364 1821 1443 1865; x_wconf 89' lang='lat' dir='ltr'>tibi</span> <span class='ocrx_word' id='word_1_118' title='bbox 1465 1831 1640 1866; x_wconf 85' lang='lat' dir='ltr'>mortua</span> <span class='ocrx_word' id='word_1_119' title='bbox 1667 1822 1889 1877; x_wconf 84' lang='lat' dir='ltr'>membra,</span> 
     </span>
     <span class='ocr_line' id='line_1_26' title="bbox 647 1891 1634 1954; baseline -0.002 -16"><span class='ocrx_word' id='word_1_120' title='bbox 647 1893 721 1939; x_wconf 90' lang='lat' dir='ltr'>Nil</span> <span class='ocrx_word' id='word_1_121' title='bbox 752 1893 868 1938; x_wconf 84' lang='lat' dir='ltr'>aliud</span> <span class='ocrx_word' id='word_1_122' title='bbox 898 1891 1041 1937; x_wconf 89' lang='lat' dir='ltr'>bulbis</span> <span class='ocrx_word' id='word_1_123' title='bbox 1066 1908 1198 1954; x_wconf 85' lang='lat' dir='ltr'>quam</span> <span class='ocrx_word' id='word_1_124' title='bbox 1226 1901 1346 1937; x_wconf 84' lang='lat' dir='ltr'>satur</span> <span class='ocrx_word' id='word_1_125' title='bbox 1373 1908 1466 1937; x_wconf 86' lang='lat' dir='ltr'>esse</span> <span class='ocrx_word' id='word_1_126' title='bbox 1495 1901 1634 1954; x_wconf 84' lang='lat' dir='ltr'>potes.</span> 
     </span>
    </p>
   </div>
   <div class='ocr_carea' id='block_1_12' title="bbox 578 2016 1921 2153">
    <p class='ocr_par' dir='ltr' id='par_1_14' title="bbox 578 2016 1921 2153">
     <span class='ocr_line' id='line_1_27' title="bbox 578 2016 1921 2084; baseline -0.001 -18"><span class='ocrx_word' id='word_1_127' title='bbox 578 2025 708 2084; x_wconf 80' lang='grc' dir='ltr'>Γραῢν</span> <span class='ocrx_word' id='word_1_128' title='bbox 731 2024 800 2083; x_wconf 84' lang='grc' dir='ltr'>μὲν</span> <span class='ocrx_word' id='word_1_129' title='bbox 823 2024 922 2083; x_wconf 83' lang='grc' dir='ltr'>ἔχων</span> <span class='ocrx_word' id='word_1_130' title='bbox 944 2020 1151 2084; x_wconf 72' lang='grc' dir='ltr'>γαμετὴν,</span> <span class='ocrx_word' id='word_1_131' title='bbox 1177 2020 1232 2064; x_wconf 82' lang='grc' dir='ltr'>τὰ</span> <span class='ocrx_word' id='word_1_132' title='bbox 1258 2024 1355 2082; x_wconf 79' lang='grc' dir='ltr'>μέρη</span> <span class='ocrx_word' id='word_1_133' title='bbox 1385 2016 1424 2064; x_wconf 81' lang='grc' dir='ltr'>δ’</span> <span class='ocrx_word' id='word_1_134' title='bbox 1449 2024 1525 2065; x_wconf 82' lang='grc' dir='ltr'>ὑπὸ</span> <span class='ocrx_word' id='word_1_135' title='bbox 1549 2022 1671 2082; x_wconf 82' lang='grc' dir='ltr'><strong>γας-ρὶ</strong></span> <span class='ocrx_word' id='word_1_136' title='bbox 1695 2019 1921 2083; x_wconf 82' lang='grc' dir='ltr'>νεκρωθεὶς,</span> 
     </span>
     <span class='ocr_line' id='line_1_28' title="bbox 647 2088 1690 2153; baseline -0.003 -16"><span class='ocrx_word' id='word_1_137' title='bbox 647 2088 789 2142; x_wconf 69' lang='grc' dir='ltr'>Μηδὲν</span> <span class='ocrx_word' id='word_1_138' title='bbox 819 2094 944 2153; x_wconf 79' lang='grc' dir='ltr'>ἔχοις,</span> <span class='ocrx_word' id='word_1_139' title='bbox 978 2089 1136 2147; x_wconf 56' lang='lat' dir='ltr'>§dmm</span> <span class='ocrx_word' id='word_1_140' title='bbox 1166 2092 1256 2153; x_wconf 87' lang='grc' dir='ltr'>πρὶν</span> <span class='ocrx_word' id='word_1_141' title='bbox 1288 2092 1551 2152; x_wconf 79' lang='grc' dir='ltr'>κορέσασθαι,</span> <span class='ocrx_word' id='word_1_142' title='bbox 1581 2090 1690 2143; x_wconf 76' lang='grc' dir='ltr'><strong>ἄκος.</strong></span> 
     </span>
    </p>
   </div>
   <div class='ocr_carea' id='block_1_13' title="bbox 506 2210 1187 2726">
    <p class='ocr_par' dir='ltr' id='par_1_15' title="bbox 506 2210 1187 2313">
     <span class='ocr_line' id='line_1_29' title="bbox 561 2210 1187 2259; baseline -0.005 -11"><span class='ocrx_word' id='word_1_143' title='bbox 561 2212 684 2248; x_wconf 79' lang='lat' dir='ltr'>*Bulbi</span> <span class='ocrx_word' id='word_1_144' title='bbox 696 2241 705 2255; x_wconf 90' lang='lat'><em>,</em></span> <span class='ocrx_word' id='word_1_145' title='bbox 725 2213 784 2259; x_wconf 88' lang='lat' dir='ltr'>qui</span> <span class='ocrx_word' id='word_1_146' title='bbox 798 2225 907 2259; x_wconf 85' lang='lat' dir='ltr'>graece</span> <span class='ocrx_word' id='word_1_147' title='bbox 924 2210 1050 2255; x_wconf 66' lang='grc' dir='ltr'>βόλὲοι,</span> <span class='ocrx_word' id='word_1_148' title='bbox 1066 2212 1187 2258; x_wconf 82' lang='lat' dir='ltr'>gallice</span> 
     </span>
     <span class='ocr_line' id='line_1_30' title="bbox 506 2266 871 2313; baseline -0.005 -12"><span class='ocrx_word' id='word_1_149' title='bbox 506 2270 658 2313; x_wconf 74' lang='lat' dir='ltr'>oignons,</span> <span class='ocrx_word' id='word_1_150' title='bbox 676 2275 710 2301; x_wconf 86' lang='lat' dir='ltr'>et</span> <span class='ocrx_word' id='word_1_151' title='bbox 728 2266 784 2300; x_wconf 84' lang='lat' dir='ltr'>ail.</span> <span class='ocrx_word' id='word_1_152' title='bbox 803 2267 871 2307; x_wconf 85' lang='lat' dir='ltr'>En,</span> 
     </span>
    </p>

    <p class='ocr_par' dir='ltr' id='par_1_16' title="bbox 507 2318 1187 2726">
     <span class='ocr_line' id='line_1_31' title="bbox 563 2318 1187 2355; baseline -0.005 -1"><span class='ocrx_word' id='word_1_153' title='bbox 563 2333 595 2355; x_wconf 79' lang='lat'>2.</span> <span class='ocrx_word' id='word_1_154' title='bbox 611 2321 655 2354; x_wconf 89' lang='lat' dir='ltr'>N.</span> <span class='ocrx_word' id='word_1_155' title='bbox 673 2334 705 2354; x_wconf 88' lang='grc' dir='ltr'>α.</span> <span class='ocrx_word' id='word_1_156' title='bbox 726 2319 837 2353; x_wconf 83' lang='lat' dir='ltr'>bulbis.</span> <span class='ocrx_word' id='word_1_157' title='bbox 854 2335 868 2349; x_wconf 87' lang='lat'>«</span> <span class='ocrx_word' id='word_1_158' title='bbox 883 2318 1077 2352; x_wconf 84' lang='lat' dir='ltr'>Fabrorum</span> <span class='ocrx_word' id='word_1_159' title='bbox 1098 2318 1187 2352; x_wconf 83' lang='lat' dir='ltr'>betis</span> 
     </span>
     <span class='ocr_line' id='line_1_32' title="bbox 507 2372 1186 2420; baseline -0.004 -13"><span class='ocrx_word' id='word_1_160' title='bbox 507 2372 660 2420; x_wconf 85' lang='lat' dir='ltr'>insipida</span> <span class='ocrx_word' id='word_1_161' title='bbox 683 2372 790 2418; x_wconf 85' lang='lat' dir='ltr'>magis</span> <span class='ocrx_word' id='word_1_162' title='bbox 812 2373 890 2406; x_wconf 83' lang='lat' dir='ltr'>lect.</span> <span class='ocrx_word' id='word_1_163' title='bbox 915 2372 1022 2405; x_wconf 81' lang='lat' dir='ltr'>Extra</span> <span class='ocrx_word' id='word_1_164' title='bbox 1047 2383 1186 2405; x_wconf 89' lang='lat' dir='ltr'>omnem</span> 
     </span>
     <span class='ocr_line' id='line_1_33' title="bbox 508 2425 1185 2461; baseline -0.004 0"><span class='ocrx_word' id='word_1_165' title='bbox 508 2425 737 2461; x_wconf 84' lang='lat' dir='ltr'>dubitationis</span> <span class='ocrx_word' id='word_1_166' title='bbox 762 2426 870 2459; x_wconf 84' lang='lat' dir='ltr'>aleam</span> <span class='ocrx_word' id='word_1_167' title='bbox 895 2437 914 2458; x_wconf 83' lang='lat' dir='ltr'>a</span> <span class='ocrx_word' id='word_1_168' title='bbox 938 2425 1052 2458; x_wconf 86' lang='lat' dir='ltr'>Poetae</span> <span class='ocrx_word' id='word_1_169' title='bbox 1080 2436 1185 2458; x_wconf 85' lang='lat' dir='ltr'>manu</span> 
     </span>
     <span class='ocr_line' id='line_1_34' title="bbox 508 2479 1180 2526; baseline -0.009 -13"><span class='ocrx_word' id='word_1_170' title='bbox 508 2479 574 2514; x_wconf 88' lang='lat' dir='ltr'>fuit</span> <span class='ocrx_word' id='word_1_171' title='bbox 586 2481 633 2514; x_wconf 90' lang='lat' dir='ltr'>N.</span> <span class='ocrx_word' id='word_1_172' title='bbox 647 2494 679 2514; x_wconf 85' lang='lat' dir='ltr'>a.</span> <span class='ocrx_word' id='word_1_173' title='bbox 695 2480 780 2512; x_wconf 83' lang='lat' dir='ltr'>bulbi</span> <span class='ocrx_word' id='word_1_174' title='bbox 790 2492 883 2526; x_wconf 84' lang='lat' dir='ltr'>quam</span> <span class='ocrx_word' id='word_1_175' title='bbox 898 2480 1037 2511; x_wconf 72' lang='lat' dir='ltr'>salure-la</span> <span class='ocrx_word' id='word_1_176' title='bbox 1043 2485 1157 2523; x_wconf 79' lang='lat' dir='ltr'>potest.</span> <span class='ocrx_word' id='word_1_177' title='bbox 1168 2495 1180 2507; x_wconf 68' lang='grc' dir='ltr'>ι)</span> 
     </span>
     <span class='ocr_line' id='line_1_35' title="bbox 510 2530 1184 2579; baseline -0.006 -12"><span class='ocrx_word' id='word_1_178' title='bbox 510 2534 560 2566; x_wconf 80' lang='lat' dir='ltr'>De</span> <span class='ocrx_word' id='word_1_179' title='bbox 573 2532 856 2579; x_wconf 48' lang='lat' dir='ltr'>Bova—Bulbi&amp;</span> <span class='ocrx_word' id='word_1_180' title='bbox 872 2531 1019 2565; x_wconf 85' lang='lat' dir='ltr'>Romani</span> <span class='ocrx_word' id='word_1_181' title='bbox 1036 2530 1184 2564; x_wconf 89' lang='lat' dir='ltr'>bulbum</span> 
     </span>
     <span class='ocr_line' id='line_1_36' title="bbox 508 2583 1184 2631; baseline -0.003 -13"><span class='ocrx_word' id='word_1_182' title='bbox 508 2595 634 2620; x_wconf 82' lang='lat' dir='ltr'>vocant</span> <span class='ocrx_word' id='word_1_183' title='bbox 659 2586 779 2620; x_wconf 84' lang='lat' dir='ltr'>allium</span> <span class='ocrx_word' id='word_1_184' title='bbox 811 2592 964 2631; x_wconf 81' lang='lat' dir='ltr'><strong>agreste,</strong></span> <span class='ocrx_word' id='word_1_185' title='bbox 996 2583 1054 2617; x_wconf 75' lang='lat' dir='ltr'>alii</span> <span class='ocrx_word' id='word_1_186' title='bbox 1080 2584 1184 2617; x_wconf 85' lang='lat' dir='ltr'>mari-</span> 
     </span>
     <span class='ocr_line' id='line_1_37' title="bbox 508 2637 1184 2684; baseline -0.001 -13"><span class='ocrx_word' id='word_1_187' title='bbox 508 2651 603 2672; x_wconf 86' lang='lat' dir='ltr'>num.</span> <span class='ocrx_word' id='word_1_188' title='bbox 623 2639 742 2673; x_wconf 88' lang='lat' dir='ltr'>Genus</span> <span class='ocrx_word' id='word_1_189' title='bbox 761 2646 811 2673; x_wconf 88' lang='lat' dir='ltr'>est</span> <span class='ocrx_word' id='word_1_190' title='bbox 829 2650 922 2684; x_wconf 86' lang='lat' dir='ltr'>cepae</span> <span class='ocrx_word' id='word_1_191' title='bbox 940 2650 1013 2671; x_wconf 88' lang='lat' dir='ltr'>non</span> <span class='ocrx_word' id='word_1_192' title='bbox 1030 2637 1184 2671; x_wconf 84' lang='lat' dir='ltr'>absimile</span> 
     </span>
     <span class='ocr_line' id='line_1_38' title="bbox 507 2690 1185 2726; baseline -0.003 -1"><span class='ocrx_word' id='word_1_193' title='bbox 507 2693 890 2726; x_wconf 80' lang='lat' dir='ltr'>ascaloniae.Venerem</span> <span class='ocrx_word' id='word_1_194' title='bbox 916 2691 1065 2724; x_wconf 83' lang='lat' dir='ltr'>maxime</span> <span class='ocrx_word' id='word_1_195' title='bbox 1092 2690 1185 2724; x_wconf 85' lang='lat' dir='ltr'>exci-</span> 
     </span>
    </p>
   </div>
   <div class='ocr_carea' id='block_1_14' title="bbox 1245 2211 1923 2735">
    <p class='ocr_par' dir='ltr' id='par_1_17' title="bbox 1245 2211 1923 2735">
     <span class='ocr_line' id='line_1_39' title="bbox 1247 2211 1923 2259; baseline 0 -12"><span class='ocrx_word' id='word_1_196' title='bbox 1247 2221 1319 2247; x_wconf 87' lang='lat' dir='ltr'>tare</span> <span class='ocrx_word' id='word_1_197' title='bbox 1337 2211 1563 2254; x_wconf 78' lang='lat' dir='ltr'>credebatur3</span> <span class='ocrx_word' id='word_1_198' title='bbox 1582 2212 1698 2259; x_wconf 85' lang='lat' dir='ltr'>itaque</span> <span class='ocrx_word' id='word_1_199' title='bbox 1715 2224 1757 2246; x_wconf 88' lang='lat' dir='ltr'>ex</span> <span class='ocrx_word' id='word_1_200' title='bbox 1770 2212 1824 2247; x_wconf 82' lang='lat' dir='ltr'>his</span> <span class='ocrx_word' id='word_1_201' title='bbox 1842 2224 1923 2247; x_wconf 90' lang='lat' dir='ltr'>cum</span> 
     </span>
     <span class='ocr_line' id='line_1_40' title="bbox 1246 2265 1921 2312; baseline 0.001 -13"><span class='ocrx_word' id='word_1_202' title='bbox 1246 2265 1377 2299; x_wconf 86' lang='lat' dir='ltr'>nucleis</span> <span class='ocrx_word' id='word_1_203' title='bbox 1401 2265 1514 2311; x_wconf 80' lang='lat' dir='ltr'>pineis</span> <span class='ocrx_word' id='word_1_204' title='bbox 1530 2291 1540 2307; x_wconf 91' lang='lat'>‚</span> <span class='ocrx_word' id='word_1_205' title='bbox 1565 2278 1669 2300; x_wconf 85' lang='lat' dir='ltr'>eruca</span> <span class='ocrx_word' id='word_1_206' title='bbox 1682 2291 1691 2308; x_wconf 92' lang='lat'>,</span> <span class='ocrx_word' id='word_1_207' title='bbox 1719 2266 1864 2312; x_wconf 85' lang='lat' dir='ltr'>pipere,</span> <span class='ocrx_word' id='word_1_208' title='bbox 1885 2266 1921 2299; x_wconf 86' lang='lat' dir='ltr'>in</span> 
     </span>
     <span class='ocr_line' id='line_1_41' title="bbox 1245 2319 1923 2364; baseline 0.001 -12"><span class='ocrx_word' id='word_1_209' title='bbox 1245 2319 1394 2364; x_wconf 81' lang='lat' dir='ltr'>nuptiali</span> <span class='ocrx_word' id='word_1_210' title='bbox 1411 2331 1507 2353; x_wconf 74' lang='lat' dir='ltr'>coena</span> <span class='ocrx_word' id='word_1_211' title='bbox 1524 2331 1654 2364; x_wconf 84' lang='lat' dir='ltr'>sponso</span> <span class='ocrx_word' id='word_1_212' title='bbox 1673 2319 1847 2353; x_wconf 84' lang='lat' dir='ltr'>ferculum</span> <span class='ocrx_word' id='word_1_213' title='bbox 1866 2332 1923 2364; x_wconf 87' lang='lat' dir='ltr'>pa-</span> 
     </span>
     <span class='ocr_line' id='line_1_42' title="bbox 1245 2371 1921 2406; baseline 0.001 -1"><span class='ocrx_word' id='word_1_214' title='bbox 1245 2372 1315 2405; x_wconf 81' lang='lat' dir='ltr'>rari</span> <span class='ocrx_word' id='word_1_215' title='bbox 1343 2371 1498 2406; x_wconf 84' lang='lat' dir='ltr'>solitum.</span> <span class='ocrx_word' id='word_1_216' title='bbox 1531 2372 1627 2405; x_wconf 77' lang='lat' dir='ltr'>Alex,</span> <span class='ocrx_word' id='word_1_217' title='bbox 1661 2371 1705 2406; x_wconf 92' lang='lat' dir='ltr'>ab</span> <span class='ocrx_word' id='word_1_218' title='bbox 1731 2371 1921 2406; x_wconf 82' lang='lat' dir='ltr'>Alexandr.</span> 
     </span>
     <span class='ocr_line' id='line_1_43' title="bbox 1245 2424 1921 2471; baseline 0.003 -13"><span class='ocrx_word' id='word_1_219' title='bbox 1245 2424 1308 2459; x_wconf 88' lang='lat' dir='ltr'>lib.</span> <span class='ocrx_word' id='word_1_220' title='bbox 1328 2426 1383 2467; x_wconf 87' lang='lat' dir='ltr'>II,</span> <span class='ocrx_word' id='word_1_221' title='bbox 1401 2437 1475 2471; x_wconf 87' lang='lat' dir='ltr'>cap.</span> <span class='ocrx_word' id='word_1_222' title='bbox 1489 2437 1520 2458; x_wconf 91' lang='lat' dir='ltr'>v.</span> <span class='ocrx_word' id='word_1_223' title='bbox 1543 2424 1635 2460; x_wconf 86' lang='lat' dir='ltr'>Citat</span> <span class='ocrx_word' id='word_1_224' title='bbox 1649 2424 1836 2460; x_wconf 76' lang='lat' dir='ltr'>Athenaeus</span> <span class='ocrx_word' id='word_1_225' title='bbox 1858 2425 1921 2460; x_wconf 79' lang='lat' dir='ltr'>lib.</span> 
     </span>
     <span class='ocr_line' id='line_1_44' title="bbox 1246 2477 1922 2524; baseline 0.001 -14"><span class='ocrx_word' id='word_1_226' title='bbox 1246 2478 1304 2519; x_wconf 88' lang='grc' dir='ltr'>ΙΙ,</span> <span class='ocrx_word' id='word_1_227' title='bbox 1317 2490 1392 2524; x_wconf 87' lang='lat' dir='ltr'>cap.</span> <span class='ocrx_word' id='word_1_228' title='bbox 1411 2478 1455 2513; x_wconf 80' lang='lat'>23</span> <span class='ocrx_word' id='word_1_229' title='bbox 1471 2504 1480 2520; x_wconf 95' lang='lat'>‚</span> <span class='ocrx_word' id='word_1_230' title='bbox 1504 2477 1662 2524; x_wconf 86' lang='lat' dir='ltr'>adagium</span> <span class='ocrx_word' id='word_1_231' title='bbox 1682 2477 1778 2524; x_wconf 91' lang='lat' dir='ltr'>quod</span> <span class='ocrx_word' id='word_1_232' title='bbox 1795 2477 1838 2512; x_wconf 84' lang='lat' dir='ltr'>ad</span> <span class='ocrx_word' id='word_1_233' title='bbox 1854 2477 1922 2511; x_wconf 91' lang='lat' dir='ltr'>hoc</span> 
     </span>
     <span class='ocr_line' id='line_1_45' title="bbox 1245 2528 1922 2576; baseline 0.001 -12"><span class='ocrx_word' id='word_1_234' title='bbox 1245 2531 1397 2576; x_wconf 82' lang='lat' dir='ltr'>pertinet</span> <span class='ocrx_word' id='word_1_235' title='bbox 1421 2544 1429 2564; x_wconf 91' lang='lat'>:</span> <span class='ocrx_word' id='word_1_236' title='bbox 1451 2528 1555 2565; x_wconf 67' lang='grc' dir='ltr'>Οὐδέν</span> <span class='ocrx_word' id='word_1_237' title='bbox 1589 2537 1620 2565; x_wconf 75' lang='grc' dir='ltr'>σ·</span> <span class='ocrx_word' id='word_1_238' title='bbox 1647 2531 1752 2568; x_wconf 78' lang='grc' dir='ltr'>ὀνήσει</span> <span class='ocrx_word' id='word_1_239' title='bbox 1785 2529 1897 2573; x_wconf 66' lang='grc' dir='ltr'>βολὸὸς</span> <span class='ocrx_word' id='word_1_240' title='bbox 1912 2557 1922 2572; x_wconf 88' lang='grc'><em>,</em></span> 
     </span>
     <span class='ocr_line' id='line_1_46' title="bbox 1246 2584 1920 2630; baseline 0 -14"><span class='ocrx_word' id='word_1_241' title='bbox 1246 2584 1283 2617; x_wconf 79' lang='grc' dir='ltr'>ἂν</span> <span class='ocrx_word' id='word_1_242' title='bbox 1307 2587 1351 2629; x_wconf 80' lang='grc' dir='ltr'>μὴ</span> <span class='ocrx_word' id='word_1_243' title='bbox 1377 2588 1457 2630; x_wconf 74' lang='grc' dir='ltr'>νεῦρ’</span> <span class='ocrx_word' id='word_1_244' title='bbox 1479 2586 1566 2629; x_wconf 82' lang='grc' dir='ltr'>ἔχῃς.</span> <span class='ocrx_word' id='word_1_245' title='bbox 1585 2585 1696 2626; x_wconf 89' lang='lat' dir='ltr'>Quem</span> <span class='ocrx_word' id='word_1_246' title='bbox 1727 2584 1920 2619; x_wconf 86' lang='lat' dir='ltr'>Iambicum</span> 
     </span>
     <span class='ocr_line' id='line_1_47' title="bbox 1245 2636 1920 2683; baseline -0.001 -13"><span class='ocrx_word' id='word_1_247' title='bbox 1245 2637 1293 2671; x_wconf 88' lang='lat' dir='ltr'>sic</span> <span class='ocrx_word' id='word_1_248' title='bbox 1312 2637 1466 2671; x_wconf 77' lang='lat' dir='ltr'>lambico</span> <span class='ocrx_word' id='word_1_249' title='bbox 1485 2636 1629 2671; x_wconf 84' lang='lat' dir='ltr'>reddas:</span> <span class='ocrx_word' id='word_1_250' title='bbox 1650 2637 1710 2671; x_wconf 87' lang='lat' dir='ltr'>Nil</span> <span class='ocrx_word' id='word_1_251' title='bbox 1733 2645 1766 2671; x_wconf 88' lang='lat' dir='ltr'>te</span> <span class='ocrx_word' id='word_1_252' title='bbox 1785 2637 1920 2683; x_wconf 79' lang='lat' dir='ltr'>juvabit</span> 
     </span>
     <span class='ocr_line' id='line_1_48' title="bbox 1245 2690 1657 2735; baseline -0.002 -12"><span class='ocrx_word' id='word_1_253' title='bbox 1245 2702 1350 2735; x_wconf 81' lang='lat' dir='ltr'>cepe,</span> <span class='ocrx_word' id='word_1_254' title='bbox 1372 2690 1399 2724; x_wconf 88' lang='lat' dir='ltr'>si</span> <span class='ocrx_word' id='word_1_255' title='bbox 1421 2691 1536 2724; x_wconf 84' lang='lat' dir='ltr'>nervis</span> <span class='ocrx_word' id='word_1_256' title='bbox 1555 2703 1657 2725; x_wconf 69' lang='lat' dir='ltr'>cares,</span> 
     </span>
    </p>
   </div>
   <div class='ocr_carea' id='block_1_15' title="bbox 2032 3018 2044 3262">
    <p class='ocr_par' dir='ltr' id='par_1_18' title="bbox 2032 3018 2044 3262">
     <span class='ocr_line' id='line_1_49' title="bbox 2032 3018 2044 3262; textangle 90"><span class='ocrx_word' id='word_1_257' title='bbox 2033 3252 2035 3262; x_wconf 49' lang='lat'><em>*</em></span> <span class='ocrx_word' id='word_1_258' title='bbox 2032 3161 2038 3236; x_wconf 45' lang='lat'>*22²—&lt;2</span> <span class='ocrx_word' id='word_1_259' title='bbox 2035 3018 2044 3149; x_wconf 44' lang='grc' dir='ltr'>-Μ-</span> 
     </span>
    </p>
   </div>
  </div>
 </body>
</html>
