2044 3292
543 202 638 248 238

917 206 976 248 M.
1007 207 1146 250 VAL.
1187 207 1575 250 MARTIALIS

1108 356 1371 412 CXXX.

963 510 1190 538 PENULA
1240 490 1531 540 SCORTEAf

611 636 910 679 INGREmARE
934 635 1049 678 viam
1075 634 1180 679 caelo
1207 634 1308 679 licet
1338 652 1474 697 usque
1502 652 1679 689 sereno;

682 705 747 748 Ad
779 704 943 749 subitas
973 721 1196 766 nunquam
1227 715 1396 750 scortea
1423 705 1535 750 desit
1566 722 1710 767 aquas.

612 845 660 887 Ei
680 845 746 888 καὶ
767 839 1014 906 ὁδοιπορέοις
1037 862 1109 906 περ
1132 848 1170 889 ἐν
1195 840 1334 902 εὐδίῳ,
1356 849 1429 889 οὐκ
1450 846 1646 890 ἐπιλείποι

681 915 849 963 Σκυτίνη
875 916 927 966 εἰς
953 912 1127 977 ὅμὸρους
1149 911 1306 976 μανδύη
1330 910 1561 976 αἰφνιδίους.

595 1050 750 1088 ῬειωΙει
775 1063 849 1088 erat
875 1055 972 1101 pallii
997 1067 1123 1100 genus,
1146 1067 1219 1088 ma-

542 1120 650 1152 gnum
661 1133 669 1147 ‚
696 1108 876 1149 villosum,
904 1107 1219 1154 splendidumque,

544 1160 637 1207 paud
650 1159 774 1194 divites
788 1161 964 1206 praecipue
981 1169 1014 1194 et
1029 1161 1151 1194 molles
1167 1162 1218 1194 vi-

544 1227 601 1247 ros
612 1213 878 1248 usitatum.Vid.
894 1214 955 1248 lib.
967 1215 1016 1253 II,
1028 1214 1118 1260 epig.
1131 1226 1220 1255 Lvn,

549 1280 565 1300 2
579 1292 588 1308 ‚
603 1279 677 1313 sqq.
692 1267 752 1300 ubi
766 1267 944 1312 elegantiae
962 1267 1219 1313 opulentiaeque

544 1320 779 1353 affectatorem
807 1321 954 1367 pingens
967 1346 976 1360 ‚
995 1320 1066 1353 ait:
1086 1337 1100 1350 ι
1115 1321 1219 1353 Ame-

544 1373 755 1418 thystinatus
773 1372 888 1407 media
909 1373 972 1419 qui
990 1381 1081 1407 secat
1101 1381 1219 1418 septa,

544 1427 661 1468 Quem
688 1439 760 1459 non
785 1426 934 1459 lacernis
957 1426 1101 1459 Publius
1122 1439 1221 1460 meus

546 1479 655 1512 vincit
667 1504 677 1520 ‚
694 1479 775 1512 Non
791 1479 864 1525 ipse
877 1477 1016 1513 Codrus
1033 1479 1145 1525 Alpha
1163 1491 1222 1525 pe·

545 1533 770 1574 nulatorum3
786 1532 902 1574 Quem
921 1544 1007 1578 grex
1020 1541 1155 1578 togatus
1167 1545 1219 1566 se-

546 1586 680 1631 quitur,
703 1593 739 1619 et
762 1586 962 1631 capillatus,
988 1593 1052 1619 etc.
1073 1602 1087 1614 ι»
1110 1585 1221 1619 Porro

546 1638 729 1683 multiplex
769 1639 838 1672 fuit
869 1651 978 1684 genus
1012 1638 1220 1684 penularum

547 1704 619 1724 non
635 1690 804 1725 duntaxat
820 1691 938 1737 quoad
951 1692 1117 1733 formam,
1129 1692 1223 1725 colo-

544 1756 684 1786 remve,
715 1744 983 1779 latitudinemve
1019 1753 1053 1778 et
1083 1744 1147 1777 alia
1184 1744 1221 1778 id

543 1810 671 1844 genus,
687 1796 748 1831 sed
759 1797 874 1844 quoad
884 1811 997 1832 usum.
1016 1797 1105 1831 Nam
1122 1798 1221 1832 fuere

544 1851 681 1897 penulae
712 1863 845 1892 vernae,
866 1851 1013 1891 aestivae,
1036 1851 1221 1893 hiemales,

545 1904 592 1938 sic
622 1905 667 1937 ob
695 1903 783 1938 illud
814 1905 993 1950 appellatae
1025 1903 1120 1950 quod
1157 1917 1221 1950 per

543 1958 624 1991 istas
637 1958 719 1990 anni
736 1966 954 2003 tempestates
969 1956 1219 1991 induebantur.

545 2011 606 2044 Hae
639 2023 743 2052 vero,
764 2011 928 2045 hiemales
955 2011 1105 2052 scilicet,
1132 2023 1220 2056 quas

543 2061 706 2108 χειμάδας
725 2063 837 2098 Graeci
856 2063 993 2104 dixere,
1019 2064 1150 2097 fiebant
1177 2076 1219 2097 ex

545 2117 620 2149 lana
639 2117 775 2162 Appula
796 2117 885 2150 miro
903 2115 1057 2150 candore
1069 2143 1078 2157 ‚
1103 2125 1137 2150 et
1154 2116 1220 2149 vil-

546 2170 660 2202 lorum
684 2170 792 2215 gratia
818 2168 1090 2210 commendatae,
1109 2177 1142 2203 et
1163 2169 1220 2202 fri-

545 2223 638 2266 goris
660 2231 795 2257 tantum
824 2235 941 2256 caussa
968 2222 1108 2256 habitae.
1133 2222 1214 2261 Hae,

544 2275 638 2321 quod
656 2276 689 2309 in
708 2274 852 2309 modum
869 2288 1099 2321 gausaparum
1117 2283 1218 2309 textae

1278 1063 1412 1097 essent,
1431 1055 1628 1101 gausapinae
1648 1054 1761 1090 dictae.
1780 1056 1884 1099 Quod
1905 1066 1954 1091 te-

1278 1116 1388 1142 statur
1415 1109 1584 1142 Martialis
1608 1109 1669 1142 lib.
1693 1110 1765 1150 Vl,
1784 1111 1954 1156 epigram-

1278 1169 1369 1194 mate
1404 1174 1464 1194 ΠΧ
1495 1173 1503 1195 :
1542 1179 1555 1190 «ι
1578 1162 1622 1195 Et
1660 1161 1779 1203 dolet,
1807 1172 1841 1196 et
1871 1175 1954 1209 que-

1277 1214 1380 1254 ritur,
1402 1214 1466 1247 sibi
1503 1227 1574 1247 non
1609 1215 1812 1260 contingere
1845 1216 1953 1261 frigus

1277 1267 1428 1313 Propter
1456 1275 1632 1301 sexcentas
1656 1268 1803 1302 Baccara
1832 1280 1952 1314 gausa·

1277 1320 1387 1366 pinas.
1403 1337 1416 1349 »ι
1436 1318 1604 1365 Idemque
1621 1319 1666 1354 de
1684 1321 1812 1365 penula
1831 1333 1952 1367 gausa·

1278 1373 1380 1418 pina,
1402 1372 1463 1406 lib.
1486 1373 1588 1415 XIV,
1610 1374 1721 1419 epigr.
1742 1386 1830 1407 chv
1854 1387 1863 1407 :
1891 1392 1904 1405 ι
1919 1375 1954 1408 Is

1278 1426 1364 1460 mihi
1379 1424 1512 1459 candor
1532 1426 1642 1467 inest,
1660 1426 1824 1460 villorum
1845 1427 1954 1473 gratia

1279 1487 1374 1513 tanta
1390 1487 1459 1520 est,
1475 1479 1525 1512 Ut
1542 1491 1598 1512 me
1616 1479 1670 1512 vel
1686 1479 1800 1514 media
1818 1493 1953 1514 sumere

1279 1544 1388 1565 messe
1414 1532 1511 1565 velis.
1532 1549 1544 1560 n
1574 1531 1693 1566 Media
1727 1545 1810 1579 ergo
1837 1533 1954 1567 hieme

1278 1585 1517 1619 sumebantur.
1539 1585 1648 1619 Erant
1667 1585 1771 1619 etiam
1789 1594 1824 1620 et
1841 1599 1951 1632 penu-

1277 1639 1340 1678 lae,
1372 1639 1499 1684 quibus
1529 1646 1625 1672 extra
1660 1639 1786 1672 urbem
1817 1647 1951 1673 tantum

1281 1692 1470 1725 utebantur
1496 1700 1531 1725 et
1554 1690 1590 1724 in
1619 1691 1764 1734 itinere,
1788 1701 1823 1726 et
1849 1692 1951 1727 etiam

1279 1744 1369 1778 intra
1393 1745 1529 1777 urbem.
1552 1743 1689 1778 Salmas.

1337 1809 1367 1831 1.
1384 1798 1581 1843 Ingrediare,
1600 1806 1664 1831 etc.
1682 1796 1832 1831 Distichi
1846 1797 1952 1832 totius

1278 1863 1398 1884 sensus
1419 1859 1471 1884 est
1494 1862 1502 1884 :
1527 1850 1670 1883 Etiamsi
1699 1849 1811 1884 rideat
1825 1877 1834 1892 ‚
1855 1862 1952 1895 egre-

1278 1902 1397 1938 diente
1414 1912 1448 1937 te
1464 1912 1498 1938 et
1518 1904 1661 1936 ineunte
1679 1903 1769 1936 viam
1781 1929 1790 1945 ,
1803 1903 1875 1936 caeli
1890 1903 1952 1937 ad-

1279 1965 1436 2003 spectus,
1459 1966 1492 1991 et
1514 1955 1606 1991 diem
1637 1955 1825 1990 candidum
1848 1957 1952 2003 polli-

1278 2018 1416 2052 ceatur,
1437 2010 1564 2044 habeas
1594 2017 1712 2043 tecum
1739 2009 1904 2054 penulam
1933 2021 1952 2042 e

1278 2064 1429 2108 pellibus
1464 2063 1535 2097 sive
1573 2063 1670 2096 corio
1704 2060 1748 2095 ad
1786 2061 1952 2095 arcendas

1277 2116 1424 2161 pluvias.

1334 2182 1364 2202 2.
1390 2169 1572 2214 Nunquam.
1593 2168 1660 2200 Alii
1674 2168 1955 2213 nusquam.—-Ad

1278 2221 1410 2254 subitas.
1432 2221 1479 2254 Ut
1506 2221 1622 2254 subito
1649 2219 1843 2254 decidentis
1873 2220 1950 2266 plu·

1277 2275 1341 2307 viae
1363 2275 1534 2319 impetum
1555 2273 1715 2318 repellas.
