2044 3292
515 201 610 257 234

881 204 943 246 M.
969 205 1111 248 VAL.
1153 204 1556 247 MARTlALlS·

1078 352 1349 410 CXXII.

1091 489 1351 538 ANNULL*

583 637 710 679 ANTE
734 634 958 694 frequens,
983 633 1059 677 sed
1081 650 1198 678 nunc
1219 650 1343 678 rarus
1366 650 1446 678 nos
1465 634 1601 678 donat
1620 635 1810 689 amicus,

652 702 769 747 Felix
799 704 869 747 cui
897 720 1043 748 comes
1071 714 1136 748 est
1163 721 1252 748 non
1279 703 1444 749 alienus
1473 720 1619 765 eques.

567 836 579 849 '
602 841 706 873 Anuli
723 839 804 874 edd.
831 841 993 886 antiquae.
1016 840 1187 886 Antiqui,

514 901 599 927 teste
620 893 744 935 Festo,
763 893 960 927 scribebant
980 894 1118 927 Anulus.

570 958 601 980 1.
619 947 724 980 Mittit
740 947 818 980 Par.
844 949 940 992 1617
961 946 997 979 in
1014 959 1122 992 marg.
1140 967 1191 973 —-

514 999 601 1032 Ante
622 1001 784 1044 frequens.
814 999 889 1033 Hoc
919 998 1109 1033 distichum
1142 1001 1190 1033 sic

513 1053 662 1098 explicat
675 1053 863 1086 Turnebus
878 1053 937 1086 lib.
953 1053 1022 1093 IX,
1038 1065 1115 1098 cap.
1132 1057 1189 1093 24:

513 1108 603 1138 Ante
622 1105 709 1139 dicit
727 1106 846 1139 solitos
863 1119 936 1139 esse
954 1105 1078 1140 divites
1099 1105 1191 1138 mul-

513 1158 556 1192 tis
590 1171 730 1192 censum
765 1168 964 1205 equestrem
999 1159 1166 1205 supplere
1181 1183 1190 1200 ,

514 1212 731 1258 annulosque
751 1225 873 1246 aureos
893 1211 993 1252 dare,
1013 1213 1073 1257 qui
1093 1213 1190 1257 equi-

514 1273 589 1298 tum
615 1273 713 1298 erant
736 1265 946 1311 gestamina,
974 1264 1068 1310 quod
1093 1273 1191 1298 aetate

1249 853 1311 874 sua
1334 853 1452 874 rarum
1471 840 1634 886 queritur
1657 853 1664 872 :
1687 846 1929 874 verumtamen

1250 893 1386 927 felicem
1420 892 1504 927 dicit
1533 893 1595 939 qui
1624 893 1790 926 comitem
1824 892 1931 925 habet

1249 949 1382 992 equitem
1394 960 1456 980 non
1465 947 1615 983 alienum.
1627 945 1688 980 sed
1698 958 1814 986 suum,
1826 957 1931 991 quem

1251 999 1323 1044 ipse
1342 1012 1401 1033 sua
1420 999 1628 1033 liberalitate
1649 998 1802 1044 equestri
1824 1010 1931 1031 censu

1251 1051 1383 1086 donato
1402 1052 1555 1098 equitem
1582 1052 1723 1093 fecerit;
1743 1059 1784 1084 ut
1799 1049 1844 1084 ad
1863 1050 1931 1084 lib.

1251 1105 1298 1147 V,
1312 1106 1422 1151 epigr.
1437 1117 1497 1140 x1x
1510 1131 1518 1146 ‚
1534 1117 1597 1138 10:
1614 1106 1706 1138 «Aut
1721 1116 1826 1150 quem
1843 1115 1931 1149 pro-

1251 1159 1412 1204 sequitur
1430 1171 1502 1192 non
1520 1159 1653 1192 alienus
1672 1156 1800 1203 eques?
1819 1174 1833 1186 ‚-

1309 1225 1341 1245 2.
1363 1211 1468 1245 Comis
1484 1210 1561 1245 cod.
1579 1211 1715 1244 Beverl.
1732 1221 1934 1255 repugnan—

1252 1273 1285 1298 te
1305 1265 1486 1309 rhythmo,
1502 1264 1568 1297 nisi
1587 1263 1747 1296 deleatur
1765 1263 1801 1296 τὸ
1821 1269 1876 1295 est.

1058 1400 1388 1458 CXXIII.

961 1558 1457 1587 DACTYLIOTHECA.
1479 1540 1495 1553 *

591 1684 719 1727 SAEPE
749 1684 893 1744 gravis
918 1683 1062 1744 digitis
1089 1681 1274 1726 elabitur
1300 1681 1489 1726 annulus
1516 1683 1680 1737 unctis,

658 1755 769 1797 Tuta
795 1770 892 1797 mea
918 1753 993 1797 fiet
1022 1753 1097 1798 sed
1123 1763 1196 1797 tua
1225 1768 1398 1814 gemma
1429 1752 1528 1796 fide.

593 1895 773 1937 [Ιολλοίκι
800 1889 1017 1945 δακτύλιος
1041 1895 1455 1954 λιχανοῦνλιπόωντος
1483 1894 1627 1936 ὄλισθε·

658 1967 834 2025 Τηρῆσει
860 1959 904 2008 δὲ
928 1965 1037 2008 λίθον
1065 1967 1137 2012 τὴν
1164 1966 1229 2007 σέο
1262 1965 1371 2015 πίςις
1398 1966 1487 2025 ἐμῆ.

574 2098 586 2111 “
602 2103 855 2147 Dactyliotheca.
871 2103 1034 2136 Hahuere
1053 2111 1090 2136 ut
1107 2102 1198 2136 vide—

522 2164 578 2189 tur
603 2155 797 2201 antiquitus
829 2154 910 2189 edd.
941 2155 1004 2188 lib.
1040 2156 1197 2201 Dactylo-

521 2209 629 2247 them,-
652 2221 716 2254 pro
738 2221 809 2254 quo
833 2209 934 2254 jussit
965 2207 1121 2242 Ruderus
1136 2234 1145 2249 ,
1165 2216 1200 2242 et

519 2260 557 2295 id
591 2261 735 2301 merito,
768 2262 915 2294 rescribi
957 2261 1197 2308 dactyliotlteca.

520 2315 610 2348 Nam
629 2312 800 2348 δακτύλιον
825 2315 945 2348 Graece
968 2315 1103 2347 annulus
1126 2323 1176 2348 est
1190 2340 1200 2356 ‚

518 2365 678 2407 δάκτυλος
691 2394 700 2409 ,
711 2367 859 2413 digitus3
870 2367 916 2400 ita
927 2375 966 2400 ut
976 2364 1199 2403 ὃακτυλοθήκτ,

521 2430 608 2455 esset
622 2420 814 2466 digitorum
828 2420 1073 2466 repositorium
1085 2433 1093 2461 ;
1105 2418 1201 2466 quod

521 2473 726 2507 absurdum.
748 2475 800 2507 De
820 2473 1037 2519 (lacti-lotham
1062 2486 1121 2506 seu
1141 2473 1200 2505 da-

521 2528 705 2572 1·(y·li0tlieca
723 2529 793 2572 jam
814 2526 966 2560 diximus
987 2525 1029 2559 ad
1051 2526 1109 2559 lib.
1130 2527 1199 2566 XI,

522 2580 630 2625 vpigr.
656 2592 734 2623 mx,
755 2585 788 2620 23-

583 2647 611 2666 1.
627 2633 717 2677 Scelus
733 2635 840 2677 grauis
863 2633 1007 2666 ccrznulus.
1025 2633 1104 2665 Juv.
1129 2633 1199 2665 Sat.

527 2687 554 2724 Ι,
585 2689 646 2723 26,
667 2686 701 2718 in
725 2686 946 2731 Crispinum:
966 2687 1101 2726 «Quum
1124 2697 1202 2730 pars

1259 2102 1400 2135 Niliacae
1412 2101 1523 2147 plebis
1534 2127 1543 2141 ,
1557 2112 1669 2146 quum
1682 2112 1787 2133 verna
1802 2100 1935 2145 Canopi

1260 2154 1418 2188 Ventilet
1430 2154 1590 2187 aestivum
1602 2151 1719 2198 digitis
1732 2151 1938 2186 sudantibus

1259 2219 1383 2241 aurum
1398 2233 1406 2247 ‚
1423 2207 1495 2240 Nec
1510 2206 1658 2240 sufferre
1675 2214 1779 2252 queat
1795 2205 1938 2251 majoris

1259 2259 1419 2306 pondera
1437 2272 1593 2304 gemmae.
1612 2276 1625 2288 ›-
1643 2259 1695 2292 Eo
1712 2266 1830 2292 autem
1849 2257 1938 2291 deli-

1260 2313 1393 2347 ciarum
1407 2321 1441 2346 et
1451 2313 1609 2346 mollitiei
1622 2319 1856 2357 provenerant
1867 2322 1939 2344 mo-

1262 2379 1316 2400 res
1339 2367 1600 2407 Romanorum,
1620 2373 1660 2398 ut
1679 2365 1830 2398 annulos
1853 2364 1938 2397 alios

1262 2419 1397 2452 aestivos
1416 2426 1450 2452 et
1472 2418 1642 2459 leviores,
1666 2417 1750 2451 alios
1772 2416 1939 2450 hibernos

1261 2480 1295 2505 et
1308 2484 1366 2505 eos
1379 2472 1556 2516 graviores
1567 2471 1748 2504 haberent.
1765 2470 1936 2503 Caeterum

1261 2536 1402 2571 quoquc
1423 2523 1663 2558 annotandum
1687 2530 1738 2556 est
1756 2523 1797 2556 iis
1816 2522 1853 2555 in
1873 2533 1938 2555 usu

1263 2578 1386 2616 fuisse,
1416 2577 1579 2610 omnibus
1601 2576 1717 2621 digitis
1740 2575 1907 2609 annulum
1927 2599 1937 2611 ,

1264 2632 1370 2663 imino
1405 2639 1439 2664 et
1471 2643 1561 2676 saepe
1592 2629 1760 2670 annulos,
1793 2635 1937 2672 gestare.

1265 2683 1347 2717 Vid.
1371 2684 1432 2717 lib.
1453 2684 1522 2723 XI,
1545 2683 1654 2728 epigr.
1675 2684 1743 2726 jam
1765 2681 1823 2714 cit.
