2044 3292
499 245 556 289 16

864 245 927 288 M.
956 245 1096 288 VAL.
1137 246 1528 291 MARTIALIS

631 332 788 376 Coenat
813 330 1007 388 boletos,
1033 341 1199 389 ostrea,
1225 351 1399 389 sumen,
1425 350 1595 395 aprum.

563 402 697 446 Ebria
722 403 871 447 Setino
893 402 944 447 fit
968 419 1102 464 saepe,
1126 414 1169 448 et
1193 421 1306 465 saepe
1331 403 1542 448 Falerno:

631 474 727 517 Nec
752 474 833 518 nisi
860 490 940 535 per
967 474 1139 518 niveam
1170 474 1359 518 Caecuba
1383 485 1506 535 potat
1531 491 1701 535 aquam.

563 544 840 589 Circumfusa
865 545 972 589 rosis
987 579 998 599 ,
1022 554 1066 588 et
1089 546 1214 606 nigra
1238 545 1455 589 recumbit
1477 561 1678 600 am011103

630 615 808 659 Dormit
835 624 879 659 et
904 616 947 658 in
977 614 1150 675 pluma,
1175 631 1484 676 purpureoque
1512 625 1624 660 toro.

564 686 713 743 Quum
739 686 794 729 sit
817 686 856 729 ei
878 684 1087 746 pulchre,
1113 701 1250 746 quum
1271 695 1361 730 tam
1386 685 1497 730 bene
1520 687 1642 730 vivat
1665 686 1782 748 apud
1807 695 1872 742 te,

634 756 702 800 Ad
726 757 916 800 Damam
941 755 1087 816 potius
1111 756 1176 800 vis
1205 765 1282 800 tua
1307 755 1440 800 febris
1464 755 1564 800 eat?

494 906 600 941 quam
628 892 780 927 fideliter
807 893 927 928 omnia
948 896 1172 940 exseqnatur‚

494 960 571 993 quae
584 959 645 993 per
655 947 760 981 unius
769 945 840 980 diei
852 947 1001 994 spatium
1014 947 1174 981 solebant

495 1013 595 1046 agere
606 1025 616 1041 ,
635 1000 898 1034 exercitationes
912 1012 1108 1046 corporeas,
1122 1001 1172 1034 la-

495 1054 690 1095 vationem,
709 1052 908 1099 prandium.

552 1111 585 1148 4.
606 1107 748 1147 Boletos,
770 1114 886 1147 ostrea,
908 1114 976 1140 etc.
992 1106 1079 1148 Quae
1097 1120 1173 1140 om—

497 1159 556 1193 nia
576 1160 612 1193 in
631 1158 766 1193 deliciis
781 1159 877 1206 apud
895 1158 1050 1193 ditiores.

554 1212 588 1246 5.
605 1212 713 1246 Setino
727 1239 752 1246 ..
764 1239 772 1247 .
789 1213 941 1246 Falerno.
959 1214 1013 1246 De
1032 1212 1176 1259 optimis

498 1265 588 1299 vinis
604 1278 695 1311 saepe
713 1273 842 1300 actum.

553 1321 587 1353 6.
608 1319 742 1352 Nieeam
757 1332 880 1366 aquam.
901 1317 979 1352 Lib.
998 1319 1045 1360 V,
1064 1318 1174 1364 epigr.

500 1384 601 1414 an,
619 1385 671 1406 vs.
694 1385 726 1406 2.

554 1438 588 1470 7.
611 1425 728 1471 Nigra,
753 1433 820 1459 etc.
843 1426 962 1458 Uncta
982 1437 1122 1459 amomo
1143 1434 1177 1459 et

498 1479 687 1524 unguentis
705 1479 869 1512 omnibus
888 1478 948 1525 qui
969 1478 1176 1512 suhfuscum

499 1530 675 1565 addebant
692 1532 846 1566 colorem
865 1544 986 1566 comae.
999 1532 1049 1565 Ut
1066 1531 1175 1577 epigr.

500 1596 658 1624 xxxwu,
679 1584 780 1619 infra.

1288 907 1322 938 9.
1341 894 1481 927 Recubet
1499 907 1565 940 pro
1584 896 1626 928 sit
1649 897 1680 927 ei
1702 893 1909 928 Beverlandi

1231 947 1310 981 MS.
1322 947 1377 982 Sic
1391 955 1454 980 tam
1463 948 1604 993 pulchre,
1622 956 1685 980 tam
1698 947 1776 980 belle
1791 948 1913 994 vulgg.

1290 1013 1347 1035 10.
1372 1001 1543 1034 Dammam
1573 1001 1609 1034 in
1638 1000 1719 1034 edd.
1745 1009 1830 1034 vett.
1859 1022 1912 1027 -

1232 1054 1371 1086 Damam
1384 1057 1502 1099 potius,
1523 1062 1587 1087 etc.
1605 1054 1838 1087 Proletarium
1852 1066 1913 1087 ne-

1235 1107 1306 1140 scio
1338 1119 1441 1153 quem
1479 1107 1621 1152 inopem
1654 1115 1689 1140 et
1722 1107 1911 1141 infelicem.

1235 1159 1325 1193 Nam
1345 1159 1459 1205 poetis
1478 1167 1689 1205 usurpatum
1712 1161 1830 1193 Damae
1847 1172 1913 1193 no·

1236 1225 1315 1246 men
1331 1226 1397 1259 pro
1409 1213 1499 1246 servi
1514 1212 1738 1254 manumissi,
1751 1213 1913 1259 inprimis

1237 1265 1358 1299 Horat.
1372 1274 1405 1299 et
1417 1266 1604 1299 Persio.—-
1616 1265 1716 1299 Idem
1730 1266 1840 1299 ferme
1856 1278 1914 1299 co-

1235 1319 1347 1364 gitans
1358 1319 1498 1364 gallicus
1510 1317 1656 1365 quidam
1667 1327 1771 1365 poeta
1783 1316 1913 1358 (Fran-

1236 1374 1300 1417 gois
1316 1372 1356 1405 de
1370 1366 1616 1416 Neuscltciteau)
1635 1371 1678 1405 de
1699 1371 1821 1406 eadem
1841 1383 1848 1405 :

1292 1435 1398 1460 Hdtesse
1415 1436 1458 1459 des
1473 1435 1554 1469 palais
1569 1435 1612 1459 des
1628 1435 1722 1468 grands
1732 1453 1740 1463 ,

1289 1484 1343 1514 Que
1356 1482 1551 1507 cherche-t-elle.
1565 1491 1597 1506 en
1614 1492 1655 1506 ina
1665 1479 1830 1506 chaumierc?

1237 1531 1292 1565 Cf.
1308 1539 1342 1564 et
1355 1530 1472 1564 fabula
1487 1530 1606 1564 eximii
1622 1531 1671 1563 La
1685 1530 1844 1563 Foneatne
1858 1528 1916 1562 cui

1237 1584 1381 1625 titulus,
1401 1585 1450 1617 La
1469 1583 1590 1618 Gon-tte
1607 1591 1640 1616 et
1658 1582 1860 1627 l’Araigne'e.

1087 1719 1326 1776 XVIII.

969 1877 1039 1906 AD
1077 1854 1448 1905 JUVENALEM.*

714 2005 832 2048 DUM
862 2012 909 2046 tu
939 2002 1125 2047 forsitan
1150 2004 1366 2063 inquietus
1396 2017 1514 2046 erras

715 2073 947 2129 Clamosa,
973 2071 1216 2130 Juvenalis,
1246 2074 1290 2116 in
1316 2072 1531 2124 Saburra,

714 2146 802 2189 Aut
826 2143 980 2189 collem
1009 2143 1197 2188 dominae
1222 2144 1324 2187 teris
1353 2144 1532 2199 Dianae3

713 2217 835 2260 Dum
865 2231 944 2276 per
970 2213 1120 2258 limina
1147 2224 1189 2259 te
1220 2214 1519 2275 potentiorum

558 2351 573 2367 ’
589 2354 764 2390 Describit
790 2354 904 2388 otium
927 2366 1029 2388 suum
1048 2352 1183 2387 Bilbili-

508 2418 643 2443 tanum.

566 2476 597 2496 1.
617 2463 787 2508 Inquietus.
805 2460 943 2494 Officiis
961 2468 995 2493 et
1013 2459 1105 2493 curis
1122 2472 1183 2492 ur·

506 2516 593 2549 bicis
611 2515 796 2549 distentus.
813 2512 922 2555 Quod
938 2513 1084 2546 inferius
1102 2525 1184 2546 mox

507 2567 691 2603 describet.

563 2636 595 2655 2.
606 2622 778 2655 Juvenalis.
796 2620 901 2654 Poeta
922 2619 1090 2665 satyricus
1105 2619 1185 2651 satis

506 2683 673 2708 notus.—
684 2674 831 2707 Clamosa
844 2673 997 2707 Saburra.
1009 2672 1080 2706 Ubi
1091 2683 1186 2704 nem-

1242 2365 1286 2398 pe
1302 2353 1466 2398 frequens
1479 2352 1610 2386 clamor
1622 2377 1630 2394 ‚
1643 2349 1740 2396 quod
1751 2350 1821 2384 illic
1835 2357 1922 2384 esset

1244 2406 1361 2439 forum
1386 2417 1506 2438 rerum
1530 2404 1705 2438 venalium
1718 2428 1727 2445 ‚
1746 2403 1808 2438 lib.
1829 2404 1899 2436 VII
1912 2428 1922 2446 ,

1245 2459 1355 2504 epigr.
1377 2470 1471 2492 xxxi.

1299 2511 1334 2544 3.
1352 2511 1470 2544 Collem
1487 2511 1617 2543 Dianae.
1633 2510 1791 2543 Montem
1807 2510 1921 2542 Aven-

1246 2564 1359 2598 tinum
1382 2563 1557 2609 intellige,
1585 2563 1622 2596 in
1649 2575 1719 2609 quo
1741 2571 1816 2596 erat
1833 2570 1921 2596 tem-

1244 2618 1343 2663 plum
1354 2617 1474 2651 Dianae
1485 2614 1718 2650 sacrum.Vid.
1730 2614 1774 2649 ad
1786 2615 1903 2649 lih.V1
1911 2639 1921 2655 ‚

1246 2671 1458 2716 epigramma
1476 2683 1568 2710 mov,
1588 2682 1627 2703 vs
1650 2669 1708 2703 13.
