1901 3259
349 207 934 252 EPIGRAMMATUM
973 207 1100 249 Llss.
1139 207 1276 250 XIV.

1413 204 1506 251 285

670 356 928 416 CCXII.

668 493 956 543 PUM1L10.⁴

174 621 220 664 Sl
248 618 386 663 solum
417 630 584 681 spectes
607 621 793 664 hominis
816 629 971 681 caput,
994 621 1185 663 Hectora
1210 618 1385 675 credas;

245 691 288 734 Si
317 700 501 735 stantem
533 690 701 748 videas,
723 692 983 752 Astyanacta
1010 699 1146 751 putes.

173 823 392 888 Ᾱνθρώπου
419 831 488 890 μὲν
517 833 648 891 κρᾶτα
672 832 829 885 βλέπων
853 830 996 890 μόνον,
1019 831 1181 889 Εκτορα
1206 829 1324 888 φαίης

242 903 437 961 Ευμεναι·
465 900 576 957 ὀρθὸν
598 904 719 960 ὁρων,
743 893 993 951 Ᾱςυοίνακτα
1013 902 1156 960 λέγοις.

158 1035 173 1049 ’”
187 1040 342 1072 Pumillus
361 1039 439 1073 cod.
461 1039 600 1073 Thuan.

160 1104 189 1125 1.
208 1091 246 1125 St
261 1093 371 1125 solum.
389 1091 520 1126 Sedens
535 1105 661 1138 nempe
677 1100 710 1126 et
723 1105 775 1126 ca·

103 1145 177 1190 pite
199 1153 298 1178 tenus
316 1146 407 1179 visus
422 1159 533 1192 prope
553 1146 664 1191 gigas;
682 1153 773 1179 stans

104 1210 186 1230 vero
206 1210 296 1243 puer
316 1198 510 1232 videbatur.
535 1198 697 1232 Notabile
715 1211 775 1231 au-

102 1258 173 1282 tem
196 1259 246 1284 est
264 1251 518 1297 pumilionibus
546 1252 617 1285 fere
641 1264 776 1297 semper

103 1311 137 1336 et
157 1303 379 1339 homunculis
397 1317 485 1350 quos
501 1304 640 1351 gallicus
662 1316 775 1339 sermo

834 1039 985 1085 appellat
1008 1041 1120 1078 nains,
1143 1045 1352 1082 portentosae
1378 1038 1508 1083 magni-

834 1090 968 1125 tudinis
987 1100 1020 1124 et
1039 1089 1276 1125 crassitudinis
1297 1098 1401 1135 caput
1419 1103 1508 1130 esse,

834 1157 948 1190 neque
961 1142 1151 1178 ullomodo
1164 1143 1296 1177 caeteris
1309 1143 1508 1188 corpusculi

835 1198 992 1243 partibus
1011 1209 1217 1242 congruum.
1234 1217 1285 1222 --
1298 1196 1440 1228 Hectora
1458 1222 1482 1229 ..
1499 1222 1506 1228 .

835 1252 1049 1297 Astyanacta.
1070 1250 1194 1283 Herois
1221 1248 1350 1293 trojani
1379 1257 1414 1282 et
1435 1249 1509 1294 ejus

835 1304 899 1338 filii
916 1303 1061 1337 historia
1082 1302 1162 1336 satis
1181 1309 1276 1336 nota.

654 1439 954 1498 CCXIII.

685 1596 911 1625 PARMA.

172 1722 281 1764 HAEC
296 1754 308 1775 ‚
328 1736 423 1780 quae
449 1737 560 1780 saepe
583 1719 691 1763 solet
714 1719 831 1763 vinci
845 1755 856 1774 ,
876 1734 970 1779 quae
992 1719 1166 1762 vincere
1191 1732 1290 1761 raro
1305 1752 1316 1771 ‚

244 1792 397 1833 Parma
426 1789 528 1846 tibi,
556 1800 726 1834 scutum
755 1788 1004 1851 pumilionis
1029 1789 1123 1832 erit.

170 1921 207 1972 H
225 1932 406 1974 νικᾶσθαι
437 1931 550 1985 ἐθὰς,
579 1932 645 1975 καὶ
673 1933 726 1989 μὴ
760 1933 869 1988 νικᾷν
898 1925 1086 1984 δεδαυῒα,

239 2002 305 2045 Σοὶ
333 2006 489 2056 πελτη,
518 2003 622 2057 νοίνῳ
653 1995 692 2043 δ’
722 2003 881 2045 ἔσσεται
896 2002 996 2062 ἐὐρὺ
1023 2000 1157 2052 σάκος.

152 2153 176 2174 1.
189 2141 281 2173 Hcec.
294 2141 418 2174 Parma
428 2153 553 2187 nempe
562 2167 570 2183 ‚
580 2153 657 2186 quae
667 2141 772 2174 breve

99 2202 171 2227 erat
187 2201 342 2233 scutum,
364 2206 434 2239 quo
451 2194 511 2240 qui
531 2195 652 2227 armati
672 2202 772 2227 erant

100 2246 134 2279 in
154 2258 256 2280 arena
268 2272 277 2287 ,
296 2246 391 2292 quod
412 2248 484 2293 ejus
510 2247 679 2281 brevitate
698 2259 770 2280 non

99 2299 179 2333 satis
191 2307 303 2333 essent
312 2300 392 2333 tecti
401 2325 411 2341 ,
425 2312 516 2345 saepe
525 2299 768 2333 vincebantur.
782 2319 794 2321 -

99 2352 154 2385 Sic
169 2352 355 2385 Turnebus
370 2353 430 2385 lib.
444 2353 490 2393 V,
508 2364 582 2398 cap.
605 2366 646 2386 10
659 2353 769 2387 citans

98 2405 165 2438 hoc
175 2405 397 2450 epigramma.
406 2405 558 2439 Thraces
568 2415 683 2440 autem
693 2418 770 2451 par-

99 2470 190 2491 mam
207 2458 392 2503 gerebant,
414 2470 565 2503 quorum
585 2459 769 2492 factionem

99 2510 221 2544 oderat
237 2510 456 2544 Domitianus
472 2522 480 2544 :
497 2510 591 2544 unde
604 2511 671 2556 ipsi
688 2510 772 2544 adu-

99 2564 190 2597 latur
212 2563 336 2604 Poeta,
368 2576 476 2608 quum.
501 2563 592 2596 dicat
624 2577 769 2608 parmam

102 2629 180 2660 §cepe
199 2618 296 2649 vinci.
326 2615 477 2650 Videtur
504 2624 652 2650 attamen
679 2629 769 2650 non-

832 2153 1016 2186 nunquam
1040 2150 1075 2175 et
1098 2140 1190 2174 inter
1214 2139 1303 2174 duos
1328 2143 1502 2186 parmula-

832 2194 902 2227 rios
928 2202 1101 2228 certamen
1129 2193 1307 2227 exstitisse.
1334 2193 1503 2229 Martialis

831 2247 892 2281 lib.
914 2247 984 2289 IX,
1003 2247 1092 2292 epig.
1116 2258 1219 2289 unx,
1240 2249 1259 2281 8
1281 2261 1288 2279 :
1311 2246 1500 2282 «Vincenti

829 2312 958 2345 parmae
974 2312 1086 2346 quum
1105 2312 1166 2333 sua
1186 2301 1288 2334 turba
1311 2298 1413 2335 favet.
1431 2318 1443 2331 »ι

883 2366 915 2387 2.
933 2354 1019 2386 Erat
1051 2353 1088 2386 in
1117 2351 1198 2387 edd.
1236 2361 1318 2386 vett.
1345 2376 1395 2381 --
1417 2354 1498 2386 Tibi.

829 2406 981 2440 Procero
1012 2418 1149 2452 nempe.
1166 2427 1218 2432 —-
1233 2404 1375 2441 Scutum.
1397 2405 1502 2447 Quod

828 2471 946 2503 parma
959 2460 1062 2504 longe
1072 2457 1237 2504 grandius
1247 2466 1359 2494 totum
1373 2472 1457 2504 corp
1463 2472 1501 2492 us

829 2513 1046 2557 contegebat.
1058 2511 1182 2545 Sensus
1201 2519 1250 2545 est
1265 2522 1273 2544 :
1290 2514 1407 2547 Homo
1423 2524 1503 2557 pro-

829 2576 928 2598 cerus
953 2577 1025 2598 non
1059 2565 1148 2597 hene
1178 2576 1296 2609 parma
1320 2564 1499 2605 munitur,

831 2616 891 2650 sed
910 2629 1022 2650 nanus
1037 2617 1178 2661 optime.
