2044 3292
893 245 955 287 M.
977 245 1056 287 VA
1067 246 1116 288 L.

517 260 605 288 112

1158 245 1549 289 MARTIALIS

1035 392 1377 449 XXXVII.

982 548 1139 577 MALA
1183 529 1439 579 mmmm*

577 664 678 706 Aur
705 660 923 721 Corcyraei
949 669 1050 703 sunt
1072 660 1165 704 haec
1193 660 1247 704 de
1272 660 1500 705 frondibus
1525 661 1666 715 horti,

646 733 735 775 Aut
763 731 856 775 haec
880 729 1060 791 Massyli
1085 747 1216 792 poma
1238 730 1440 776 draconis
1466 741 1602 776 erant.

576 841 615 897 H
637 853 882 924 Κερκυραίου
911 848 1013 896 τάδε
1035 858 1196 897 κλωνῶν
1221 860 1268 900 ἢν
1293 853 1374 897 ἀπὸ
1400 870 1555 911 κηπου,

640 914 680 967 H
702 926 770 968 καὶ
794 924 1020 968 Μασσύλου
1046 929 1158 985 μῆλα
1178 918 1442 985 δράκοντος”
1419 942 1498 973 εην.

560 1051 575 1065 '¹
595 1052 694 1087 Nihil
713 1052 773 1086 hic
795 1051 979 1086 discordiae
999 1052 1072 1086 sive
1091 1053 1184 1087 inter

510 1106 744 1147 membranas,
763 1106 836 1139 sive
855 1106 948 1140 inter
965 1105 1046 1139 edd.
1062 1106 1181 1140 libros.

565 1172 596 1194 1.
626 1159 808 1206 Cor-cyroel,
838 1167 902 1193 etc.
928 1159 980 1193 Ex
1002 1160 1107 1193 horto
1124 1160 1186 1193 Al-

508 1212 603 1247 cinoi
626 1212 716 1259 regis
741 1212 926 1247 Phaeacum
953 1213 991 1246 in
1011 1213 1185 1259 Corcyra,

507 1278 585 1312 quae
607 1265 721 1300 insula
742 1266 811 1299 fuit
835 1266 873 1299 in
892 1265 1073 1300 Adriatico
1096 1266 1186 1300 mari

506 1319 656 1365 Epirum
689 1319 781 1352 inter
805 1326 843 1352 et
864 1319 1062 1354 Calabriam
1097 1319 1185 1360 sita;

506 1371 617 1407 hodie
630 1372 761 1417 Corfou.
779 1372 838 1405 Nil
850 1372 909 1406 hic
919 1381 1035 1407 autem
1047 1372 1186 1407 Alcinoi

506 1425 620 1459 hortis
632 1426 748 1459 notius
759 1438 845 1471 quos
856 1425 1031 1460 Homerus
1040 1451 1050 1468 ‚
1061 1425 1184 1472 Odyss.

507 1479 569 1513 lib.
588 1479 735 1520 V11‚ut
752 1479 848 1520 fuse,
870 1479 918 1513 ita
937 1480 1111 1525 eleganter
1127 1478 1187 1513 de-

506 1532 654 1588 scripsit
679 1532 720 1566 iis
753 1532 911 1566 versibus
938 1545 1090 1578 quorum
1120 1532 1186 1565 ini-

506 1588 616 1619 tium·
635 1589 792 1619 Εκτοσθεν
809 1582 842 1618 δ’
857 1587 954 1625 αὐλῆς
970 1587 1072 1631 μέγας
1088 1586 1184 1630 ἔρχοι-

506 1651 562 1677 τος
548 1663 584 1679 ‚
605 1653 637 1671 κ..
655 1653 685 1671 τ.
705 1643 734 1672 λ.

1301 1066 1334 1086 2.
1365 1054 1437 1086 Aut
1466 1053 1533 1086 lzaec
1569 1053 1708 1099 Massyli
1724 1080 1734 1094 ‚
1762 1062 1828 1089 etc.
1851 1055 1922 1088 Aut

1244 1105 1483 1152 Hesperidum
1508 1106 1608 1141 mala.
1633 1107 1711 1140 Lib.
1731 1107 1764 1140 X
1777 1133 1788 1149 ‚
1809 1109 1919 1154 epigr.

1244 1172 1346 1202 xcw,
1364 1172 1415 1193 vs.
1441 1171 1470 1193 1.
1490 1158 1596 1194 Haud
1613 1160 1710 1193 abest
1731 1161 1882 1194 multum
1904 1173 1922 1195 a

1244 1212 1407 1246 Martiale
1422 1213 1580 1258 Aquinas
1595 1239 1604 1255 ,
1621 1213 1692 1247 Sat.
1706 1213 1750 1250 V,
1768 1226 1819 1247 vs.
1839 1213 1921 1255 150,

1250 1277 1264 1298 1
1276 1265 1293 1299 5
1304 1278 1318 1299 1
1333 1274 1368 1299 et
1386 1277 1399 1298 1
1410 1265 1453 1299 52
1471 1277 1478 1298 :
1495 1283 1509 1295 «
1522 1266 1668 1300 Poma...
1682 1279 1833 1312 quorum
1847 1267 1921 1301 solo

1245 1320 1394 1364 pascaris
1416 1317 1548 1360 odore,
1576 1319 1700 1361 Qualia
1731 1328 1922 1365 perpetuus

1245 1372 1431 1406 Phaeacum
1447 1381 1637 1406 autumnus
1654 1373 1819 1413 habebat,
1839 1373 1922 1407 Cre·

1245 1424 1329 1459 dere
1349 1437 1426 1471 quae
1441 1425 1551 1471 possis
1569 1434 1732 1472 surrepta
1744 1426 1922 1460 sororibus

1245 1478 1350 1513 Afris.
1365 1496 1378 1508 r»
1391 1479 1516 1524 Neque
1532 1478 1598 1512 alia
1611 1477 1808 1513 creduntur
1818 1479 1921 1513 fuisse

1244 1543 1347 1565 aurea
1367 1532 1426 1565 illa
1438 1544 1560 1578 poma,
1582 1545 1686 1577 quam
1705 1532 1779 1566 haec
1797 1544 1922 1567 auran-

1246 1585 1293 1618 tia
1306 1611 1315 1627 ‚
1334 1585 1441 1618 citrea
1457 1611 1467 1627 ‚
1484 1584 1633 1619 medica.
1653 1585 1842 1619 Athenaeus
1861 1585 1921 1619 lib.

1244 1639 1319 1678 III,
1340 1650 1415 1684 cap.
1442 1643 1480 1678 4,
1500 1651 1519 1682 7
1539 1645 1572 1671 et
1593 1638 1652 1679 43.

1009 1775 1411 1830 XXXVIII.

1027 1907 1421 1958 COLOSTRUM.*

581 2052 835 2095 Sunmpnmr
866 2059 1015 2110 pastor
1045 2065 1141 2110 quae
1169 2048 1366 2093 nondum
1394 2049 1606 2093 stantibus
1630 2049 1787 2100 haedis,

650 2123 719 2164 De
751 2122 892 2182 primo
925 2130 1115 2164 matrum
1142 2119 1253 2164 lacte
1279 2118 1467 2164 colostra
1491 2119 1655 2163 damus.

583 2257 812 2318 Πύρεφθον
837 2259 986 2317 ποιμὴν
1018 2258 1198 2317 χιμάρων
1227 2258 1348 2317 τόπερ
1375 2260 1551 2317 ἥρπασεν
1580 2259 1691 2301 ου’πω

652 2322 878 2388 ῘςαυἾένων
908 2331 1071 2387 πρώτου
1102 2322 1257 2388 δῶρα
1243 2327 1448 2388 γάλακτος
1477 2329 1557 2388 ἔχε.

565 2464 783 2502 'colostrum
787 2467 944 2501 Vocatur
956 2467 1066 2512 prima
1081 2480 1099 2500 a
1112 2479 1188 2512 par-

1247 2465 1454 2500 Bevelland.
1488 2487 1540 2492 --
1570 2467 1720 2500 Nondum
1757 2465 1920 2499 stantibus.

515 2531 553 2555 tu
577 2521 760 2567 spongiosa
787 2519 937 2554 densitas
964 2521 1080 2560 lactis,
1112 2533 1189 2565 quae
1248 2519 1325 2553 Hoc
1341 2529 1409 2561 est,
1423 2528 1608 2565 antequam
1624 2519 1744 2554 matris
1757 2519 1921 2553 uberibus

515 2575 661 2608 maxime
683 2572 826 2620 prodest
844 2573 1035 2607 stomacho.

572 2641 603 2662 1.
627 2627 775 2662 Nondum
797 2627 996 2671 gustantibus
1024 2639 1092 2673 pro
1121 2640 1190 2672 quw

518 2681 651 2714 nondum
675 2680 829 2713 stantibus
858 2680 995 2714 exhibet
1021 2679 1097 2714 cod.
1116 2679 1188 2712 MS.

1249 2585 1308 2606 ora
1327 2572 1561 2606 admovissent
1581 2571 1683 2606 haedi.

1294 2639 1311 2660 2
1321 2653 1328 2660 .
1342 2626 1490 2660 colustra
1500 2625 1576 2660 cod.
1590 2623 1793 2659 Beverland.
1808 2623 1920 2666 Quid-

1252 2680 1287 2712 ni
1306 2692 1387 2723 ergo
1409 2680 1444 2713 in
1465 2680 1626 2713 lemmate
1642 2679 1849 2713 Colustrum?
