1901 3259
316 257 903 300 EPIGRAMMATUM
943 257 1066 300 LIB.
1087 257 1243 300 xlv.

1384 255 1476 318 173

710 408 842 463 XV.

635 542 921 590 TESSERA.*

144 688 251 730 NON
281 687 359 730 sim
391 686 575 730 talorum
602 702 786 729 numero
817 702 895 747 par
919 695 1103 741 tessera,
1133 686 1237 730 dum
1269 688 1320 731 sit

214 757 378 816 Major,
404 773 533 817 quam
560 755 678 810 talis,
703 757 795 800 alea
821 773 932 817 saepe
963 757 1082 800 mihi.

128 873 142 887 '
159 878 298 911 Tesseru.
314 878 497 911 Vitruvius
511 878 570 911 lib.
584 879 616 910 V
631 890 639 911 :
660 878 748 912 “Cu-

74 930 138 963 bus
163 939 233 971 est,
264 943 393 975 corpus
422 942 462 963 ex
496 942 554 963 sex
582 931 748 964 lateribus

75 983 196 1028 aequali
218 982 402 1016 latitudine
419 983 643 1027 planitierum
663 996 748 1029 qua-

72 1034 222 1069 dratum.
245 1036 279 1068 Is
301 1048 410 1080 quum
429 1044 478 1069 est
491 1037 601 1081 jactus
616 1062 624 1076 ‚
645 1048 748 1081 quain

72 1088 109 1121 in
130 1096 263 1134 partem
281 1089 462 1129 incubuit,
481 1087 566 1121 dum
589 1098 639 1122 est
658 1089 747 1122 inta-

73 1149 169 1182 ctus,
195 1141 375 1174 immotam
403 1141 509 1174 habet
534 1143 716 1175 stationem
739 1154 746 1174 :

71 1194 124 1227 uti
136 1202 216 1227 sunt
229 1194 331 1228 etiam
343 1203 478 1228 tesserae
487 1220 496 1235 ,
509 1207 593 1240 quas
604 1195 637 1227 in
650 1195 747 1228 alveo

71 1246 233 1280 ludentes
255 1247 398 1292 jaciunt.
426 1265 439 1277 ι»
462 1247 666 1281 Macrobius
686 1247 745 1281 Sa-

72 1300 264 1334 turnalium
281 1301 341 1334 lib.
365 1301 399 1333 ΙΙ
412 1327 420 1344 ⁷
434 1312 508 1346 cap.
528 1314 544 1334 2
564 1301 747 1334 :ffessera

808 878 932 912 Graeco
957 879 1099 912 nomine
1120 877 1214 917 κὺἷος
1237 879 1439 924 appellatur.
1464 898 1475 909 u

867 946 892 963 ι.
919 931 992 964 Non
1017 934 1074 964 sim
1098 944 1223 964 numero
1240 946 1312 977 par.
1338 934 1481 967 Duabus

807 984 901 1016 enim
919 984 1074 1017 tribusve
1089 985 1223 1017 tesseris
1235 1011 1244 1027 ‚
1259 994 1410 1030 quatuor
1425 999 1483 1020 au-

808 1045 877 1069 tem
898 1035 941 1070 ad
967 1036 1153 1070 minimum
1175 1037 1270 1079 talis,
1292 1038 1482 1072 contende-

806 1090 910 1122 batur
935 1089 970 1122 iu
995 1089 1069 1122 acie
1092 1089 1231 1123 lusoria.
1256 1091 1482 1137 Calcagninus

807 1141 851 1175 de
869 1142 1032 1176 Tesseris.
1051 1142 1144 1176 Vide
1164 1143 1224 1176 lib.
1248 1144 1355 1185 XIII,
1376 1157 1429 1189 ep.
1456 1157 1479 1177 1.

864 1207 894 1227 2.
929 1195 1038 1239 Major
1066 1196 1146 1228 alea.
1185 1196 1262 1229 Hoc
1294 1205 1365 1237 est,
1397 1196 1482 1230 (lum

807 1249 920 1293 major
936 1248 1085 1293 pecunia
1102 1261 1181 1282 meo
1197 1248 1298 1289 ludo,
1317 1262 1420 1295 quam
1438 1259 1484 1283 ta-

807 1301 849 1334 lis
867 1301 1119 1335 committatur.

690 1435 865 1491 XVI.

598 1564 958 1615 TURR1CULA.*

142 1697 257 1754 QUAE
286 1697 365 1741 scit
394 1698 660 1757 compositos
689 1712 842 1741 manus
871 1696 1073 1757 improba
1103 1698 1276 1742 mittere
1308 1697 1438 1753 talos,

213 1769 257 1811 Si
279 1783 356 1828 per
377 1784 447 1811 me
469 1768 610 1822 misit,
631 1765 688 1810 nil
716 1768 796 1810 nisi
820 1777 922 1811 vota
948 1767 1062 1811 facit.

143 1886 179 1938 fl
211 1890 520 1956 μεθοδευθέντας
551 1895 633 1955 χεὶρ
666 1896 825 1949 βάλλειν
854 1894 995 1955 ἄςριας
1025 1890 1147 1955 ἴδρις,

212 1966 261 2008 Εἰ
291 1959 343 2008 δι’
375 1968 471 2025 ἐμοῦ
504 1963 686 2021 βέβληκ’,
718 1967 902 2027 εὔγματα
931 1972 1058 2026 μοῦνα
1086 1972 1200 2010 ποιεῖ.

125 2095 138 2109 κ
159 2100 339 2133 Tum-ceula.
358 2099 444 2141 Quae
463 2111 590 2145 nempe
607 2099 747 2132 iux-enta

72 2161 122 2187 est
152 2152 195 2186 ad
229 2151 385 2187 vitandas
416 2152 452 2185 in
481 2152 566 2185 ludo
595 2152 746 2185 talorum

72 2205 211 2239 fraudes
229 2214 476 2239 veteratorum.
491 2206 673 2238 Turricula
691 2217 750 2238 au-

71 2266 141 2292 tem
158 2259 230 2291 haec
245 2257 397 2304 cylindri
416 2258 650 2291 mathematici
666 2259 747 2292 satis

73 2311 222 2344 similem
238 2311 385 2344 formam
403 2311 553 2344 habehat
569 2337 578 2353 ,
597 2323 678 2344 cava
699 2320 746 2344 ta-

71 2375 152 2397 men
168 2372 201 2397 et
214 2364 308 2397 intus
317 2364 540 2410 capreolatim
558 2363 745 2409 gradatim-

72 2428 140 2461 que
166 2416 280 2450 efficta
306 2425 345 2450 ut
369 2417 427 2451 tali
451 2416 651 2450 excutiendi
680 2417 744 2449 im-

71 2469 267 2514 pingerent.
304 2469 417 2503 Graeci
450 2470 572 2503 Graeco
601 2470 746 2503 nomine

74 2522 295 2567 appellabant
309 2523 438 2567 πύργον,
453 2535 518 2568 qua
533 2523 635 2556 etiam
651 2522 745 2569 apud

73 2574 216 2607 Latinos
235 2575 464 2607 invalescente
485 2587 570 2608 voce
592 2588 675 2609 usus
695 2584 747 2609 est

75 2626 242 2660 Horatius
253 2652 262 2667 ‚
275 2627 334 2660 lib.
346 2628 379 2659 II
391 2653 400 2667 ‚
415 2627 570 2669 Sat.VII‚
587 2641 600 2661 1
611 2628 745 2674 7:⁴1qui

75 2690 139 2723 pro
163 2692 196 2712 se
219 2680 373 2719 tolleret,
395 2688 499 2725 atque
525 2680 683 2714 Mitteret
708 2681 742 2713 in

807 2111 955 2144 pyrgum
969 2098 1025 2139 (al.
1037 2095 1193 2144 phimum)
1208 2101 1295 2134 talos
1305 2128 1312 2142 ,
1324 2102 1484 2136 mercede

807 2152 930 2185 diurna
949 2152 1174 2186 Conductum
1185 2154 1289 2199 pavit.
1306 2173 1317 2182 ι»

864 2218 894 2238 1.
939 2205 1145 2250 Composito-v.
1183 2207 1360 2240 Aleatores
1390 2208 1482 2241 enim

806 2257 950 2304 quidam
970 2259 1171 2303 peritissimi
1194 2268 1226 2293 et
1248 2260 1333 2293 lucri
1356 2260 1483 2295 avidis-

806 2311 882 2344 simi
903 2312 948 2344 ita
972 2312 1007 2344 in
1029 2325 1135 2345 manu
1167 2313 1252 2346 talos
1275 2325 1364 2358 saepe
1385 2326 1481 2346 com-

805 2365 986 2408 ponebant
1003 2390 1012 2406 ,
1034 2373 1071 2398 ut
1092 2373 1207 2411 optata
1234 2375 1363 2411 puncta
1393 2379 1482 2411 saepe

805 2427 1026 2462 apparerent.

862 2483 892 2503 2.
919 2471 1015 2503 Feret
1037 2470 1110 2504 MS.
1137 2471 1271 2503 Beverl.
1294 2491 1344 2498 —-
1367 2470 1406 2503 Sc·
1425 2484 1484 2516 per

806 2536 862 2556 me.
883 2522 917 2556 Si
934 2535 998 2569 per
1016 2535 1091 2564 me,
1112 2523 1317 2556 turriculam
1336 2536 1481 2568 nempe,

806 2587 846 2609 ex
862 2588 929 2621 qua
945 2588 1005 2609 seu
1021 2588 1134 2622 pyrgo
1148 2588 1257 2622 quum
1270 2577 1482 2610 emittuntur

806 2629 886 2669 tali,
909 2629 1027 2662 nullus
1044 2628 1138 2669 dolo,
1160 2628 1220 2662 sed
1235 2629 1386 2663 fortunae
1406 2638 1482 2663 tan-

807 2689 880 2714 tum
896 2682 993 2715 locus
1010 2689 1072 2714 est.
