1901 3259
377 191 953 236 EPIGRAMMATUM
991 191 1117 233 LIB.
1157 190 1296 232 XIV.

1423 206 1518 251 279

734 340 895 399 CCI.

631 494 978 524 PALAESTRITA‚

181 622 288 665 Now
315 636 437 676 amo,
458 621 531 681 qui
556 621 717 676 vincit⁷
743 620 817 664 sed
841 621 913 680 qui
936 619 1219 663 succumbere
1244 621 1367 663 novit
1382 655 1392 673 ‚

250 693 306 734 Et
336 691 442 735 dicit
466 690 617 735 melius
640 693 713 738 τὴν
741 691 1076 738 ἀνακλινοπάλην.

182 808 241 849 Οὐ
265 809 385 865 φιλέω
409 809 581 861 νικῶντ’,
606 807 694 849 ἀλλ’
725 806 766 856 ὃς
792 806 1079 865 κατακλίμεναι
1105 800 1187 848 οἶδε

247 877 424 920 Βελτὶον’
447 877 622 936 οἰόμενος
649 879 722 924 τὴν
751 877 804 919 ἀν
818 881 958 921 ακλιν
972 876 1133 923 οποίλτ,
1148 894 1179 918 ν.

167 1004 197 1025 1.
223 994 289 1037 Qui
309 994 420 1025 vincit.
456 994 600 1026 «Arntz.
620 991 662 1025 ad
685 992 779 1026 Vict.

110 1046 196 1079 Caes.
212 1045 263 1078 Χ]
275 1072 285 1087 ,
303 1057 348 1078 ex
360 1045 498 1091 scriptis
513 1057 683 1091 reponere
703 1053 778 1078 ten-

108 1098 201 1131 tabat
215 1099 299 1144 quod
311 1101 441 1138 vincat,
456 1099 513 1131 sed
526 1099 618 1145 quod.
638 1098 777 1132 Salmas.

108 1151 204 1183 Hunc
213 1164 283 1184 amo
291 1152 438 1197 legebat.
448 1152 520 1184 »De
532 1152 635 1198 Rooy,
648 1151 710 1197 qui
718 1150 780 1184 du·

106 1204 194 1237 bitat
214 1216 257 1237 an
278 1205 371 1250 vulg.
393 1203 534 1238 defendi
557 1213 728 1250 nequeat,
745 1214 779 1238 et

106 1269 182 1289 eam
201 1257 319 1291 multis
331 1266 460 1291 tuetur.
481 1256 539 1290 Ad
553 1270 632 1290 eum
649 1258 778 1302 scripta

107 1309 255 1354 epistola
264 1311 329 1344 Vir
342 1310 465 1345 doctus
480 1311 526 1344 ita
539 1318 638 1344 notat
652 1322 683 1343 :u
700 1310 776 1344 MS.

105 1363 192 1407 quod
213 1365 343 1404 vincat,
371 1364 428 1396 sed
459 1364 550 1410 quod.
582 1362 650 1396 Sed
673 1362 776 1396 video

104 1414 223 1459 ipsum
238 1417 309 1461 jam
325 1417 573 1457 Arntzenium,
589 1415 776 1462 pristinum

105 1468 333 1502 collationum
349 1482 582 1514 possessorem
594 1494 604 1510 ‚
622 1469 690 1502 hoc
705 1468 775 1502 dis-

104 1521 237 1554 crimen
277 1530 458 1556 annotasse
494 1521 538 1555 ad
576 1523 658 1555 Aur.
681 1522 775 1555 vict.

102 1585 137 1618 p.
160 1573 245 1614 341.
270 1575 311 1608 A.
333 1574 429 1621 quod
454 1575 541 1608 mihi
566 1582 683 1608 tamen
703 1587 774 1620 prae

103 1626 239 1671 vulgata
262 1639 336 1660 non
359 1628 483 1672 placet.
509 1646 522 1656 »ι
547 1627 644 1672 Quod
665 1629 778 1659 vincat

102 1678 179 1712 cod.
199 1679 337 1713 Beverl.
362 1680 461 1722 Quod
483 1693 548 1713 suc.
571 1678 677 1713 idem.
697 1680 773 1712 Non

102 1732 173 1764 vult
191 1732 260 1764 alii.
280 1754 332 1758 ——
350 1732 426 1765 Non
448 1745 529 1764 amo.
553 1732 633 1764 Non
658 1732 773 1777 probo

100 1784 308 1817 luctatorem
329 1784 390 1829 qui
411 1784 543 1817 viribus
564 1784 694 1824 vincit,
712 1784 772 1818 sed

101 1837 163 1881 qui
179 1849 214 1869 se
224 1836 369 1870 reclinat
380 1862 390 1877 ‚
409 1845 512 1881 atque
527 1849 569 1869 ex
582 1836 772 1870 reflexione

101 1890 264 1934 palaestrae
283 1888 516 1922 adversarium
535 1888 666 1934 dejicit.
686 1890 718 1921 F
718 1903 770 1921 ar-

100 1942 220 1975 nabius.
234 1942 333 1987 Legit
349 1955 432 1975 vero
449 1951 482 1975 et
497 1941 680 1986 distinguit
697 1942 770 1975 Sa!-

98 1995 225 2028 masius
239 1995 379 2028 :diune
395 2007 471 2027 amo
486 1995 547 2040 qui
563 1994 692 2035 vincit,
707 1994 769 2028 sed

98 2048 159 2093 qui
185 2047 411 2081 succumbere
437 2048 553 2088 novit,
577 2047 621 2080 Et
645 2048 769 2081 melius

97 2099 223 2133 didicit
247 2101 304 2135 τὴν
335 2101 602 2135 ἀναγλινεπάλτπι.
632 2117 645 2129 n
673 2101 767 2133 Con-

96 2153 220 2192 nario,
234 2153 365 2199 inquit,
379 2165 479 2186 sensu
490 2179 500 2192 ‚
514 2161 548 2186 et
568 2165 670 2198 quem
685 2153 768 2186 Poe-

97 2213 140 2238 1ae
169 2218 267 2240 mens
292 2219 365 2239 nou
384 2206 526 2252 recipit,
550 2204 657 2239 hodie
682 2206 767 2251 legi-

95 2267 153 2292 tur
169 2271 177 2290 :
193 2260 268 2293 Non
283 2272 353 2291 amo
365 2286 373 2298 ‚
390 2261 444 2304 qui
458 2261 568 2292 vincit.
584 2259 657 2292 Cur
673 2259 768 2292 enim

94 2311 317 2356 palaestritam
340 2324 455 2345 amare
480 2325 514 2346 se
536 2311 668 2345 diceret
692 2325 764 2344 non

95 2363 320 2398 vincentem?
333 2364 427 2398 Dicit
442 2377 555 2398 amare
571 2377 606 2398 se
621 2364 765 2410 quidem

94 2416 188 2450 hunc
216 2417 437 2462 palaestritam
466 2418 528 2463 qui
553 2418 678 2459 vincit,
702 2417 763 2451 sed

94 2470 154 2515 qui
182 2470 286 2504 etiam
304 2470 403 2503 novit
423 2471 645 2503 succumbere
665 2482 673 2503 ε
693 2471 762 2504 hoc

94 2530 164 2564 est,
185 2523 248 2568 qui
268 2521 529 2556 succumbendo
549 2522 678 2564 vincit,
700 2524 761 2569 qui

92 2576 288 2620 περιγίνεται
302 2576 557 2621 ἀναπιτνοὶμενος
567 2601 578 2617 ,
591 2583 630 2609 ut
645 2576 762 2621 inquit

94 2626 282 2671 Pindarus,
307 2629 360 2662 καὶ
390 2622 450 2661 οἷον
480 2629 621 2661 πίπτων,
651 2629 761 2673 Magis

841 991 1079 1025 commendari
1090 992 1205 1025 innuit
1215 992 1436 1037 palaestritam
1451 996 1515 1040 qui

839 1053 912 1078 arte
929 1044 1037 1078 vincit
1050 1071 1059 1086 ‚
1075 1056 1179 1089 quam
1199 1045 1259 1090 qui
1279 1045 1411 1079 viribus
1426 1060 1433 1079 :
1450 1049 1512 1092 qui

839 1099 911 1137 τοὺς
928 1098 1132 1142 ὑπτιασμοὺς
1152 1098 1267 1135 novit,
1285 1100 1339 1132 καὶ
1358 1101 1431 1138 τεὺς
1451 1102 1511 1143 χά.-

838 1164 897 1196 μαι
912 1152 1064 1196 τρέπως,
1081 1162 1158 1196 quae
1168 1150 1377 1184 Theocritus
1395 1154 1514 1186 παλαί-

835 1217 953 1248 σματα
969 1205 1115 1249 σύμφορα
1131 1205 1230 1248 τέχνᾳ
1241 1230 1249 1245 ,
1265 1204 1432 1237 nimirum
1448 1211 1509 1238 τῶν

837 1258 880 1296 εἷς
896 1260 992 1300 γαῖαν
1014 1257 1253 1302 προπεσόντων.
1267 1257 1358 1290 Tum
1380 1258 1510 1291 ἀνακλι-

835 1311 958 1346 νοπαί).η
979 1309 1148 1343 Martialis
1161 1334 1170 1349 ,
1184 1311 1403 1355 pancratium
1418 1311 1510 1345 dice-

835 1363 951 1404 batur,
974 1362 1069 1408 quod
1093 1364 1122 1396 ἐν
1147 1367 1192 1408 τῷ
1215 1363 1435 1396 ἀνακλίνεσθαι
1455 1366 1509 1397 καὶ

832 1416 1044 1454 ὑπτιάζεσθαι
1082 1415 1292 1460 plerumque
1328 1428 1506 1450 exercere·

834 1476 917 1510 tut-3
944 1467 986 1501 ad
1016 1467 1281 1501 distinctionem
1317 1472 1371 1507 τῆς
1405 1470 1507 1514 ὂρῦἷπς

834 1522 956 1559 πάλης,
981 1531 1057 1566 quae
1085 1533 1102 1553 a
1127 1521 1296 1554 stantibus
1321 1531 1353 1555 et
1385 1523 1507 1555 erectis

832 1582 1027 1619 pugnatur,
1054 1574 1089 1609 'm
1113 1585 1181 1618 qua
1207 1574 1328 1606 vicisse
1353 1583 1425 1607 erat
1447 1574 1507 1607 ad-

833 1627 1025 1659 versarium
1065 1626 1138 1658 solo
1181 1625 1356 1671 dejecisse.
1401 1627 1506 1660 Secus

832 1680 948 1712 omnia
964 1680 1001 1711 in
1018 1678 1198 1723 pancratio
1211 1704 1219 1719 ‚
1235 1679 1271 1711 in
1289 1691 1362 1723 quo
1379 1687 1411 1712 et
1430 1693 1506 1713 suc-

831 1732 992 1765 cubuisse
1015 1739 1089 1764 erat
1111 1731 1193 1764 artis
1214 1744 1222 1764 :
1244 1744 1325 1764 nam
1349 1740 1382 1765 et
1405 1733 1504 1766 humi

832 1785 1027 1817 volutantes
1046 1796 1156 1817 nexus
1175 1796 1254 1817 suos
1270 1784 1506 1830 expediebant

831 1836 1139 1882 impediebantque
1151 1862 1160 1877 ‚
1178 1837 1379 1882 viribusque
1402 1852 1504 1884 supe-

830 1889 938 1922 riores
961 1888 1174 1922 adversarios
1198 1902 1437 1935 saepenumero
1456 1892 1504 1926 sic

829 1942 1024 1976 vincebant.
1038 1943 1118 1975 Non
1132 1942 1232 1975 aliter
1247 1943 1379 1988 quippe
1393 1945 1504 1978 victus

829 1995 1002 2040 quispiam
1037 1995 1226 2040 putabatur
1261 1996 1297 2028 in
1332 1998 1502 2041 pancratii

827 2047 918 2081 lucta
933 2074 940 2090 ‚
954 2048 1021 2081 nisi
1037 2049 1196 2081 animum
1213 2047 1448 2094 desponderet
1465 2062 1503 2083 ac

827 2100 958 2133 victum
979 2114 1013 2134 se
1033 2101 1215 2134 fateretur.

883 2167 915 2187 2.
930 2155 1027 2186 Dicit.
1043 2154 1198 2199 Conject.
1216 2153 1362 2188 Farnab.
1380 2155 1501 2188 didicit.

825 2206 1031 2252 Legendum
1054 2215 1152 2254 putat
1173 2207 1309 2240 Beverl.
1338 2207 1502 2241 ἐπιστίἕέ-

826 2264 933 2292 mom.
946 2259 1040 2293 Vide
1059 2260 1160 2293 infra.
1174 2281 1225 2286 -—
1242 2254 1501 2297 Ᾱνοικὶακιεπείλη.

827 2312 907 2345 Vox
929 2320 979 2346 est
1000 2312 1081 2346 ficta
1103 2325 1178 2358 quae
1201 2312 1284 2346 alibi
1305 2326 1377 2346 non
1399 2327 1499 2359 repe·

825 2364 927 2398 ritur.
953 2365 1118 2411 Clinopale
1144 2367 1269 2410 legitur
1296 2366 1393 2412 apud
1416 2367 1499 2399 Sue-

823 2419 964 2451 tonium
986 2419 1047 2464 qui
1068 2419 1114 2451 ait
1132 2418 1372 2452 Domitianum
1395 2413 1497 2465 (cap

826 2484 869 2504 22
883 2469 915 2512 ),
940 2472 988 2504 sic
1005 2484 1131 2505 vocare
1147 2471 1363 2503 assiduitatem
1387 2485 1501 2505 concu-

820 2524 902 2556 bitus
927 2523 1021 2558 unde
1052 2525 1158 2569 aliqui
1182 2533 1321 2568 turpem
1356 2536 1499 2558 sensum

820 2577 964 2610 eliciunt
984 2589 1024 2610 ex
1047 2578 1113 2610 hoc
1137 2576 1300 2609 disticho.
1330 2572 1499 2611 Ᾱνοικλίνω

820 2641 930 2673 graece
944 2638 1011 2670 est,
1028 2630 1178 2668 reclino3
1198 2630 1285 2664 πάλη
1299 2654 1308 2670 ,
1327 2630 1499 2675 palaestra.

1176 2675 1263 2726 18υἱ
