2044 3292
508 194 604 243 256

876 196 938 238 M.
962 196 1100 239 VAL.
1141 194 1530 238 MARTIALIS

1070 341 1341 400 CLXII.

1091 496 1322 526 FOENUM.

582 624 839 665 FRAUDATA
868 627 1034 662 tumeat
1060 617 1222 680 fragilis
1252 619 1328 663 tibi
1359 618 1515 663 culcita
1540 618 1678 677 mula;

648 691 750 734 Non
775 689 895 733 venit
919 688 973 732 ad
998 688 1130 732 duros
1156 688 1316 749 pallida
1338 705 1441 733 cura
1468 699 1599 733 toros.

584 821 816 889 Ολλυμένου
837 822 977 888 σχεδίη
998 830 1160 888 ςρωμνή
1180 829 1399 889 γναφάλοιο
1420 826 1617 887 σεσάχθω.

658 902 747 943 Οὐκ.
768 901 806 950 ἐς
826 897 981 959 σκληρὰ
1002 902 1134 958 μολεῖν
1158 892 1241 942 οἶδε
1264 900 1435 959 μέριμνα
1452 899 1567 958 λέχη.

575 1051 607 1073 1.
624 1039 768 1083 Fragilis
787 1045 821 1071 et
842 1037 926 1070 mula
947 1035 1027 1069 cod.
1052 1036 1187 1069 Bex-erl.

521 1091 665 1125 Culcitra
687 1090 827 1124 exhibet
844 1088 900 1124 ed.
925 1089 1041 1123 Colin.
1060 1096 1094 1122 et
1112 1089 1188 1122 Par.

525 1147 636 1189 1617.
665 1144 790 1178 Cultira
818 1141 1019 1176 Junt.Vid.
1047 1141 1188 1175 Salmas.

522 1196 565 1230 ad
592 1196 700 1230 Solin.
722 1209 757 1242 p.
784 1195 855 1241 598
884 1203 918 1228 et
938 1196 982 1228 D.
1002 1194 1123 1227 Heins.
1146 1193 1190 1227 ad

520 1248 705 1284 claudian.
724 1261 801 1295 pag.
826 1250 937 1293 1667,
960 1254 1086 1280 nostrae
1107 1245 1190 1280 edit.

523 1303 637 1336 Pluma
650 1301 706 1336 ed.
727 1303 804 1335 Par.
827 1304 934 1344 1617.
950 1300 1071 1333 Facilis
1084 1300 1192 1343 pluma

523 1354 602 1389 Ald.
631 1356 728 1388 Junt.
757 1354 871 1388 Colin.
902 1352 1049 1385 Farnab.
1077 1351 1192 1385 Maitt.

527 1408 623 1441 Bar-b.
653 1416 688 1442 et
704 1419 770 1440 nos
790 1406 880 1439 hanc
905 1404 1095 1449 accipimus
1122 1416 1193 1437 am·

523 1461 632 1495 habus
659 1459 823 1494 manibus
842 1457 1050 1503 scripturam
1073 1469 1194 1502 perve-

524 1522 622 1548 tustae
655 1513 868 1546 membranae
909 1510 1077 1544 Thuanae.
1107 1509 1195 1542 Nam

525 1578 645 1600 omnes
661 1566 735 1599 aliae
753 1565 826 1598 fere
837 1563 911 1597 sine
924 1562 1195 1596 sensa—Mala

520 1619 694 1661 ⁴fraudata,
711 1617 749 1651 id
769 1626 835 1659 est,
856 1617 967 1657 foeno,
980 1614 1074 1661 quod
1095 1615 1198 1648 mulae

527 1685 545 1706 a
560 1671 779 1706 mulionibus
792 1670 1007 1704 subtractum
1023 1676 1090 1707 est,
1103 1667 1197 1713 quod

528 1724 659 1771 alioqui
690 1724 783 1757 mula
814 1735 886 1756 esse
920 1720 1111 1757 debuisset,
1150 1729 1198 1754 tu·

529 1786 629 1818 meat,
652 1777 760 1810 fartus
782 1776 846 1816 sit,
869 1775 925 1808 tibi
944 1783 1029 1808 torus
1045 1773 1198 1819 fragilan·

529 1831 590 1876 qui
625 1829 740 1864 statim
773 1828 943 1873 frangitur
977 1836 1010 1860 et
1039 1825 1199 1861 subsidit.

530 1883 763 1923 Fraudata‚ut
774 1879 1123 1928 apudHor.S.I‚V1,1
1135 1878 1199 1912 23:

536 1953 549 1967 α
567 1949 680 1982 ungor
704 1936 816 1972 olivo,
839 1934 920 1967 Non
940 1945 1010 1978 quo
1035 1931 1203 1966 fraudatis

532 1987 730 2022 immundus
752 1988 855 2020 Natta
880 1986 1034 2019 lucernis
1047 2003 1076 2019 ι».
1090 1985 1135 2018 Et
1153 1984 1201 2019 sic

532 2042 681 2076 sumitur
701 2041 853 2074 subducta
871 2039 931 2072 lib.
955 2039 1045 2072 XIII
1059 2064 1068 2079 ,
1093 2037 1202 2083 epigr.

532 2106 637 2128 xxxw
657 2105 665 2126 :
686 2111 699 2123 u
724 2093 806 2127 Haec
837 2104 913 2137 quae
940 2091 1077 2125 Picenis
1106 2091 1202 2124 venit

533 2145 702 2181 subducta
725 2145 870 2192 trapetis
892 2161 922 2177 u.
942 2144 1014 2177 Hac
1035 2143 1202 2177 sententia

532 2212 638 2245 porro
664 2199 790 2232 Noster
821 2196 962 2243 gaudet,
990 2208 1097 2241 quum
1121 2195 1200 2229 libr.

535 2253 644 2294 XIII,
665 2251 773 2297 epigr.
791 2263 828 2284 xx
849 2248 893 2282 de
912 2247 1051 2282 hordeo
1064 2250 1134 2293 jam
1151 2246 1202 2280 di-

534 2305 623 2339 xerit
641 2317 649 2338 z
667 2322 679 2334 «
692 2303 816 2345 Mulio,
834 2300 929 2349 quod
946 2314 1016 2334 non
1037 2299 1098 2335 des
1119 2300 1200 2335 taci-

534 2358 619 2391 turis
643 2356 758 2402 accipe
781 2356 897 2389 mulis.
918 2372 931 2384 ι»
957 2354 1103 2399 Fragilis
1120 2365 1202 2399 quo-

536 2423 603 2456 que
621 2404 739 2456 (quod
758 2408 966 2443 confirmant
984 2405 1125 2441 Gruteri
1143 2418 1202 2439 co-

1248 1035 1314 1070 dex
1334 1045 1368 1069 et
1390 1033 1553 1075 Arond.)
1576 1046 1648 1067 non
1672 1042 1722 1069 est
1745 1034 1920 1080 ineptissi-

1248 1101 1346 1123 mum
1359 1097 1396 1122 ut
1410 1089 1523 1122 visum
1538 1087 1729 1129 Scriverio‚
1744 1086 1806 1121 sed
1820 1088 1922 1133 aptis·

1249 1142 1375 1176 simum
1390 1168 1399 1183 ,
1433 1141 1487 1174 vel
1524 1148 1668 1186 propter
1703 1142 1738 1174 τὸ
1768 1141 1921 1185 frangere

1251 1204 1344 1227 toros.
1358 1193 1439 1227 Vid.
1455 1193 1601 1227 Observ.
1621 1193 1684 1230 IV,
1703 1205 1719 1226 2
1730 1205 1761 1226 2.
1780 1192 1837 1226 Sic
1851 1192 1922 1226 fere

1256 1247 1444 1281 Gronovius.

1307 1313 1323 1333 2
1333 1327 1339 1333 .
1356 1300 1431 1332 Non
1445 1301 1542 1331 venit.
1560 1299 1632 1331 Ubi
1647 1298 1696 1330 De
1712 1298 1802 1344 Rooy
1812 1297 1924 1343 conji-

1252 1351 1298 1385 cit
1315 1352 1388 1385 Non
1398 1352 1553 1395 sacit.——
1563 1351 1638 1384 Non
1650 1352 1738 1383 venit
1748 1350 1794 1382 ad
1806 1350 1900 1384 duros
1911 1378 1920 1391 ‚

1252 1411 1315 1438 etc.
1329 1404 1373 1437 H.
1386 1416 1416 1438 e.
1428 1404 1508 1437 Non
1520 1415 1607 1448 opus
1617 1411 1658 1437 ut
1667 1402 1785 1448 sopori
1795 1401 1925 1436 blando

1252 1455 1432 1502 indulgeas
1458 1457 1579 1502 pluma
1613 1455 1814 1489 mollissima
1825 1482 1834 1498 ,
1863 1455 1924 1489 sed

1254 1511 1379 1543 mentis
1398 1508 1659 1555 tranquillitate.
1679 1508 1813 1554 Saepius
1831 1508 1924 1542 enim

1254 1562 1512 1596 dormientibus
1540 1562 1576 1595 in
1606 1561 1715 1594 cubili
1741 1560 1834 1595 duro
1863 1573 1925 1594 vo-

1255 1615 1396 1661 luptatis
1412 1623 1446 1648 et
1464 1614 1636 1648 felicitatis
1645 1614 1723 1660 plus
1736 1622 1786 1648 est
1796 1640 1805 1657 ,
1820 1625 1925 1660 quam

1257 1666 1510 1702 subinvidendi
1518 1667 1658 1701 thalami
1670 1667 1786 1701 aulaeis
1797 1678 1928 1712 purpu-

1258 1722 1344 1763 reis,
1366 1732 1526 1754 somnum
1550 1720 1676 1753 frustra
1696 1719 1926 1765 captantibus.

1264 1792 1275 1803 κ
1294 1775 1445 1808 Somnus
1458 1773 1642 1819 agrestium
1655 1772 1759 1806 Lenis
1770 1772 1928 1805 virorum

1259 1840 1328 1861 non
1357 1827 1506 1860 humiles
1534 1833 1629 1859 toros
1652 1824 1808 1859 Fastidit.
1832 1842 1846 1854 ι»
1871 1823 1928 1858 Sic

1259 1881 1331 1914 fere
1347 1880 1467 1913 Horat.
1481 1879 1543 1913 lib.
1560 1879 1612 1911 III
1623 1904 1632 1919 ‚
1647 1877 1716 1912 Od.
1737 1890 1766 1916 1,
1789 1891 1806 1911 2
1817 1891 1848 1919 1,
1867 1878 1928 1923 qui

1259 1945 1324 1979 pro
1339 1942 1421 1966 toros
1434 1932 1538 1965 habet
1551 1944 1641 1964 casas
1652 1931 1688 1964 in
1703 1938 1819 1973 textu;
1835 1929 1929 1963 «Nec

1260 1998 1366 2032 gazae,
1387 1997 1501 2030 neque
1523 1984 1716 2019 consularis
1738 1983 1929 2017 Subinovet

1259 2039 1362 2072 lictor
1379 2038 1522 2071 miseros
1540 2036 1708 2070 tumultus
1728 2036 1873 2076 Mentis,
1896 2043 1929 2068 et

1261 2092 1370 2125 Curas
1394 2091 1551 2136 laqueata
1583 2089 1716 2122 circum
1743 2089 1848 2122 Tecta
1865 2099 1928 2120 vo-

1259 2145 1378 2178 lantes.
1397 2160 1410 2172 »
1435 2142 1562 2183 (Idem
1585 2142 1646 2174 lib.
1678 2142 1733 2182 11,
1761 2139 1830 2175 Od.
1850 2153 1930 2181 xw,

1261 2209 1307 2230 vs.
1323 2209 1357 2241 9,
1365 2203 1398 2229 et
1408 2193 1498 2241 sqq.)
1509 2195 1552 2227 Et
1562 2193 1734 2235 similiter,
1744 2193 1780 2227 in
1791 2192 1931 2228 Gallicae

1261 2249 1440 2283 cantilenae
1457 2246 1598 2293 strophe
1616 2245 1782 2291 quadam:

1366 2305 1400 2330 Le
1410 2305 1482 2339 genic
1497 2310 1533 2329 est
1547 2304 1608 2328 dans
1627 2313 1662 2327 un
1674 2304 1731 2328 coin
1740 2322 1747 2333 ‚

1368 2358 1536 2382 L'innocence
1550 2363 1587 2381 est
1600 2366 1644 2381 sur
1658 2356 1681 2380 ln
1697 2355 1784 2389 paille,

1371 2410 1403 2433 Lc
1421 2408 1510 2442 plaisir
1526 2415 1563 2433 est
1578 2418 1621 2433 sur
1634 2407 1657 2431 le
1670 2407 1732 2431 soin.
