2044 3292
511 241 572 286 88
648 242 709 284 Μ.
725 242 859 285 VAL.
883 242 1213 286 MARTIALIS
1235 241 1567 286 EPIGRAMM.
1591 241 1700 284 LIB.
1722 240 1824 283 XII.

1141 393 1274 449 CII.

999 550 1068 577 Al)
1116 529 1436 577 ΜιιοΝΕΜΫι

580 677 769 731 ΤΗΠΒΑ,
794 675 937 735 piper,
956 683 1119 729 vestes,
1139 683 1391 734 argentum,
1417 673 1568 734 pallia,
1590 690 1782 734 gemmas

649 744 876 800 Vendere,
896 743 1028 800 Milo,
1050 743 1182 800 soles,
1208 760 1307 788 cum
1333 743 1490 805 quibus
1515 753 1688 805 emptor
1713 744 1817 788 abit.

581 814 791 877 Conjugis
818 813 965 859 utilior
987 831 1110 860 merx
1131 816 1218 869 est,
1243 831 1339 876 quae
1353 850 1365 871 ,
1383 814 1559 859 vendita
1586 831 1698 875 saepe
1712 850 1724 869 ‚

648 885 926 948 vendentem
953 902 1177 947 nunquam
1205 886 1386 941 deserit,
1407 895 1482 929 aut
1505 885 1673 929 minuit.

563 1019 578 1033 ¹
598 1023 720 1069 Neque
740 1024 808 1057 hoc
836 1025 1049 1070 epigramma
1067 1026 1185 1058 variat.
1249 1026 1376 1070 figuras
1399 1024 1522 1070 saepius
1544 1021 1713 1057 vendidit.
1738 1021 1841 1055 Ovid.
1862 1022 1922 1056 lib.

512 1075 596 1110 Vid.
619 1084 693 1110 not.
712 1077 820 1122 epigr.
838 1090 867 1110 c.
1249 1079 1339 1111 VIII
1350 1076 1830 1122 Metamorph.·--Caeterum
1839 1087 1926 1110 voce

569 1129 602 1163 3.
631 1130 668 1162 V
665 1130 772 1162 endita
799 1143 891 1175 soepe.
921 1130 1038 1163 Pretio
1067 1132 1190 1176 prosti-
1249 1131 1308 1165 hic
1328 1131 1457 1165 Noster
1479 1138 1537 1163 aut
1557 1142 1681 1176 parum
1700 1137 1779 1175 apta
1798 1128 1926 1170 utitur,

514 1190 600 1217 tuta.
1250 1192 1308 1217 aut
1337 1192 1418 1229 apta
1447 1183 1612 1216 abutitur.
1644 1182 1734 1216 Nam
1765 1194 1845 1228 quae
1870 1183 1927 1215 sui

567 1241 602 1276 4.
631 1236 667 1269 V
665 1237 837 1276 cadentem,
865 1245 928 1270 etc.
958 1236 1120 1282 Triopeis
1141 1237 1189 1269 al·
1250 1236 1387 1282 copiam
1406 1235 1492 1270 viris
1509 1248 1581 1269 non
1598 1235 1719 1269 amatis
1738 1247 1804 1280 pro
1819 1247 1925 1281 pecu·

513 1297 588 1322 tera
600 1314 609 1330 ‚
640 1301 745 1335 quam
774 1290 953 1323 famelicus
984 1298 1082 1335 pater
1111 1290 1190 1323 Eri·
1250 1290 1343 1323 niola
1359 1289 1437 1332 dat,
1452 1289 1511 1322 illa
1528 1289 1672 1335 proprie
1691 1286 1904 1322 conducitur
1916 1314 1926 1329 ‚

514 1341 676 1376 sichthon
708 1342 745 1376 in
779 1343 889 1377 varias
925 1355 961 1376 se
996 1351 1190 1376 mutantem
1251 1356 1323 1376 non
1340 1343 1477 1377 emitur.
1497 1343 1565 1376 ΕΙ).
