2044 3292
521 210 615 254 272

903 193 962 235 M.
989 194 1127 235 VAL.
1169 193 1554 236 MARTIALIS

979 341 1484 397 CLXXXVIII.

897 496 1092 524 CICERO
1126 496 1178 524 IN
1222 495 1558 525 MEMBRANIS.

590 624 634 666 Si
660 638 806 665 comes
833 623 913 665 ista
937 621 1013 664 tibi
1038 621 1170 665 fuerit
1192 621 1446 665 membrana
1461 656 1473 676 ‚
1495 630 1646 681 putato

661 694 855 752 Carpere
883 701 924 735 te
952 690 1104 752 longas
1133 708 1233 736 cum
1262 692 1475 736 Cicerone
1501 691 1603 735 vias.

590 833 638 875 Ei
668 834 850 883 κοινωνὸς
881 827 979 876 ὁδοῦ
1011 833 1072 876 σοὶ
1101 828 1274 894 διφθερὶς
1306 827 1379 879 ἥδε
1406 834 1586 893 γένοιτο,

663 905 736 946 Σὺν
764 905 959 963 Κικέρωνι
986 902 1140 963 μακρὰν
1167 903 1249 946 οἴου
1276 897 1533 962 ὁδοιπορέειν.

581 1055 610 1075 1.
631 1041 666 1074 Si
681 1054 780 1074 comes
796 1045 857 1074 ista
878 1041 946 1081 tibi,
967 1049 1032 1074 etc.
1054 1041 1128 1074 Viae
1146 1042 1198 1074 vel

523 1094 732 1140 longissimae
759 1094 903 1128 comites
933 1093 1109 1128 sufficient
1136 1093 1201 1127 tibi

527 1147 706 1181 Ciceronis
727 1147 818 1180 libri.
842 1147 892 1180 Ut
913 1146 1005 1180 libro
1027 1147 1065 1188 1,
1088 1147 1200 1193 epigr.

527 1213 555 1234 11
571 1226 581 1242 ‚
604 1199 745 1234 videtur
770 1199 949 1234 Ciceronis
979 1199 1097 1233 stilum
1121 1212 1203 1246 qua-

525 1253 554 1286 si
571 1253 736 1286 Asianum
752 1261 787 1286 et
801 1251 1058 1286 redundantem
1073 1261 1201 1286 taxare.

527 1305 568 1339 Id
585 1319 649 1352 ego
669 1319 740 1340 non
760 1305 866 1340 credo
880 1332 890 1348 ‚
908 1318 980 1338 non
1003 1304 1099 1350 quod
1119 1318 1200 1339 sane

525 1359 694 1404 ambiguis
713 1359 872 1392 sensibus
894 1358 1045 1391 maxime
1073 1358 1116 1392 sit
1134 1359 1200 1391 ini-

526 1412 635 1446 micus
655 1412 692 1445 in
712 1411 894 1446 levissimis
918 1411 973 1445 his
997 1412 1098 1456 nugis
1124 1411 1198 1456 epi-

1260 1040 1589 1087 grammatibusque.
1610 1038 1679 1073 Sed
1702 1040 1815 1085 primo
1836 1049 1935 1082 nota,

1261 1094 1371 1128 rarius
1405 1095 1503 1140 jocos
1543 1093 1692 1138 antiquis
1734 1093 1934 1126 auctoribus

1262 1147 1423 1192 quaesitos
1437 1146 1525 1180 circa
1542 1146 1729 1191 ancipitem
1745 1147 1935 1179 verborum

1263 1211 1417 1233 sensum.
1450 1197 1605 1240 Deinde,
1635 1198 1720 1244 quid
1741 1198 1799 1232 hic
1823 1198 1936 1244 arguit

1263 1252 1368 1285 fuisse
1392 1252 1506 1285 Poetae
1524 1251 1560 1284 in
1580 1259 1732 1285 mentem
1750 1251 1870 1284 Tullio
1889 1251 1936 1284 ir-

1260 1304 1397 1338 ridere?
1413 1313 1447 1337 et
1463 1303 1549 1350 quid
1568 1312 1618 1338 est
1637 1304 1828 1338 necessario
1843 1316 1937 1337 com-

1260 1370 1366 1391 mune
1385 1358 1475 1391 inter
1490 1358 1601 1402 longas
1613 1360 1702 1398 τίω,
1722 1366 1757 1391 et
1774 1356 1937 1390 ‘verborum

1259 1411 1406 1455 ambages
1423 1438 1432 1451 ,
1455 1418 1515 1444 aut
1535 1410 1774 1443 redundantiam
1787 1413 1808 1441 Ρ

1013 1532 1446 1591 CLXXXIX.

1032 1688 1408 1718 PROPERTIUS.
1430 1668 1448 1685 ⁴⁸

600 1820 818 1862 CYNTfflA
834 1852 846 1872 ‚
872 1815 1047 1861 facundi
1077 1832 1254 1860 carmen
1281 1815 1472 1876 juvenile
1498 1817 1719 1877 Properti,

670 1888 851 1948 Accepit
881 1887 1041 1931 famam
1059 1923 1070 1943 ‚
1099 1903 1179 1931 nec
1209 1888 1354 1931 minus
1383 1887 1476 1948 ipsa
1505 1886 1635 1931 dedit.

604 2031 754 2074 Κυνθία
769 2065 780 2082 .,
804 2030 961 2090 ποίημα
981 2031 1080 2074 θεῖον
1109 2031 1295 2091 μείρακος
1322 2032 1598 2090 Προπερτίῡυ,

602 2103 776 2160 Τοῦνομ’
803 2102 884 2144 ἀπὸ
909 2101 1024 2160 φίλου
1058 2095 1290 2154 δέδεικται,
1316 2104 1386 2144 κόυ
1417 2095 1566 2159 &Suos
1596 2104 1720 2147 ἥττον
1746 2100 1861 2158 φίλῳ.

587 2225 599 2239 “
612 2227 810 2262 Morzobiblos
822 2225 899 2260 cod.
915 2227 1052 2260 Beverl.
1069 2225 1208 2275 Cynthia

535 2283 693 2327 Propertii
711 2279 910 2314 Monobihlos
932 2278 987 2313 ed.
1006 2277 1106 2312 Barb.
1123 2279 1208 2320 Alii,

537 2335 676 2380 Cynthia
712 2333 880 2377 Propertii.
916 2332 984 2365 Alii
1005 2358 1014 2373 ‚
1050 2333 1210 2377 Propertii

537 2387 736 2421 monobiblos.
748 2385 833 2419 Vid.
852 2385 915 2418 inf.
933 2386 984 2418 De
1002 2385 1106 2418 titulo
1119 2393 1151 2418 et
1165 2383 1209 2418 de

533 2455 583 2475 vs.
613 2453 626 2473 1
654 2439 795 2473 consule
812 2439 894 2471 VV.
917 2438 987 2470 LL.
1010 2445 1146 2471 nostras
1166 2436 1209 2470 ad

534 2507 592 2542 pp.
607 2505 667 2538 77,
684 2493 729 2536 78
746 2499 872 2524 nostrae
885 2489 941 2525 ed.
957 2490 1209 2536 Propertianae,

535 2558 637 2592 etpp.
657 2545 744 2587 751,
762 2544 833 2589 752
858 2543 940 2577 Not.
962 2544 1046 2576 Var.
1067 2542 1110 2576 ad
1126 2543 1210 2576 Pro-

535 2599 699 2647 pertium.

594 2666 622 2685 1.
651 2650 801 2694 ththia.
827 2649 966 2686 Puella,
993 2648 1101 2682 amica
1126 2648 1210 2681 Pro-

1268 2226 1372 2272 perlii
1384 2252 1393 2266 ‚
1421 2239 1522 2272 quani
1555 2226 1672 2259 multis
1699 2225 1757 2258 ille
1785 2225 1941 2259 versibus

1269 2280 1428 2313 celebrat.

1325 2344 1357 2364 2.
1375 2332 1442 2365 Nec
1459 2334 1558 2364 minus
1574 2335 1641 2376 ipsa
1658 2331 1753 2364 dedit.
1771 2330 1834 2364 His
1848 2330 1942 2363 euim

1269 2384 1480 2418 carminibus
1491 2385 1616 2418 claruit
1628 2384 1841 2430 Propertius,
1853 2395 1943 2428 quo-

1268 2450 1346 2470 rum
1369 2446 1612 2483 argumentum
1631 2437 1825 2483 praebuerat
1847 2436 1943 2480 Cynae

1270 2490 1341 2524 thia
1356 2515 1364 2528 ..
1388 2490 1622 2536 pulcherrima
1641 2490 1767 2535 puella.
1779 2509 1827 2515 ——
1839 2488 1943 2521 Intel-

1269 2543 1381 2588 ligunt
1393 2544 1480 2577 male
1492 2557 1500 2585 ;
1512 2543 1725 2589 voluptatem
1739 2542 1811 2587 ipsa
1827 2539 1942 2580 dedit;

1270 2609 1396 2629 munus
1412 2595 1507 2642 quod
1529 2605 1563 2630 et
1581 2595 1689 2641 gloria
1706 2603 1739 2627 et
1756 2592 1942 2627 immortali

1271 2649 1411 2682 nomine
1426 2662 1497 2682 non
1516 2649 1560 2682 ita
1577 2648 1721 2681 inferius
1734 2654 1858 2681 censet.
1874 2645 1941 2679 En.
