<?xml version="1.0" encoding="UTF-8"?>
<!DOCTYPE html PUBLIC "-//W3C//DTD XHTML 1.0 Transitional//EN"
    "http://www.w3.org/TR/xhtml1/DTD/xhtml1-transitional.dtd">
<html xmlns="http://www.w3.org/1999/xhtml" xml:lang="en" lang="en">
 <head>
  <title>
</title>
<meta http-equiv="Content-Type" content="text/html;charset=utf-8" />
  <meta name='ocr-system' content='tesseract 3.04.00' />
  <meta name='ocr-capabilities' content='ocr_page ocr_carea ocr_par ocr_line ocrx_word'/>
</head>
<body>
  <div class='ocr_page' id='page_1' title='image "./epigrammata03martuoft_0275.png"; bbox 0 0 1901 3259; ppageno 0'>
   <div class='ocr_carea' id='block_1_1' title="bbox 326 228 1257 273">
    <p class='ocr_par' dir='ltr' id='par_1_1' title="bbox 326 228 1257 273">
     <span class='ocr_line' id='line_1_1' title="bbox 326 228 1257 273; baseline -0.005 0"><span class='ocrx_word' id='word_1_1' title='bbox 326 229 915 273; x_wconf 78' lang='lat' dir='ltr'>EPIGRAMMATUM</span> <span class='ocrx_word' id='word_1_2' title='bbox 954 229 1079 270; x_wconf 87' lang='lat' dir='ltr'><strong>LIB.</strong></span> <span class='ocrx_word' id='word_1_3' title='bbox 1121 228 1257 269; x_wconf 89' lang='lat' dir='ltr'>XIV.</span> 
     </span>
    </p>
   </div>
   <div class='ocr_carea' id='block_1_2' title="bbox 1393 242 1479 269">
    <p class='ocr_par' dir='ltr' id='par_1_2' title="bbox 1393 242 1479 269">
     <span class='ocr_line' id='line_1_2' title="bbox 1393 242 1479 269; baseline -0.023 0"><span class='ocrx_word' id='word_1_4' title='bbox 1393 242 1479 269; x_wconf 77' lang='lat'><strong>201</strong></span> 
     </span>
    </p>
   </div>
   <div class='ocr_carea' id='block_1_3' title="bbox 672 376 893 434">
    <p class='ocr_par' dir='ltr' id='par_1_3' title="bbox 672 376 893 434">
     <span class='ocr_line' id='line_1_3' title="bbox 672 376 893 434; baseline 0.014 -3"><span class='ocrx_word' id='word_1_5' title='bbox 672 376 893 434; x_wconf 85' lang='lat' dir='ltr'><strong>LXIV.</strong></span> 
     </span>
    </p>
   </div>
   <div class='ocr_carea' id='block_1_4' title="bbox 687 513 931 563">
    <p class='ocr_par' dir='ltr' id='par_1_4' title="bbox 687 513 931 563">
     <span class='ocr_line' id='line_1_4' title="bbox 687 513 931 563; baseline -0.004 -1"><span class='ocrx_word' id='word_1_6' title='bbox 687 513 889 563; x_wconf 53' lang='lat' dir='ltr'><strong>mmm*</strong></span> <span class='ocrx_word' id='word_1_7' title='bbox 927 550 931 557; x_wconf 85' lang='lat'>.</span> 
     </span>
    </p>
   </div>
   <div class='ocr_carea' id='block_1_5' title="bbox 149 660 1260 793">
    <p class='ocr_par' dir='ltr' id='par_1_5' title="bbox 149 660 1260 793">
     <span class='ocr_line' id='line_1_5' title="bbox 149 660 1191 721; baseline -0.003 -16"><span class='ocrx_word' id='word_1_8' title='bbox 149 664 297 706; x_wconf 78' lang='lat' dir='ltr'><strong>EBRIA</strong></span> <span class='ocrx_word' id='word_1_9' title='bbox 324 678 404 705; x_wconf 90' lang='lat' dir='ltr'><strong>nos</strong></span> <span class='ocrx_word' id='word_1_10' title='bbox 426 660 609 704; x_wconf 85' lang='lat' dir='ltr'>madidis</span> <span class='ocrx_word' id='word_1_11' title='bbox 634 661 798 721; x_wconf 86' lang='lat' dir='ltr'>rumpit</span> <span class='ocrx_word' id='word_1_12' title='bbox 823 660 1001 704; x_wconf 84' lang='lat' dir='ltr'><strong>tibicina</strong></span> <span class='ocrx_word' id='word_1_13' title='bbox 1023 660 1191 714; x_wconf 84' lang='lat' dir='ltr'><strong>buccis;</strong></span> 
     </span>
     <span class='ocr_line' id='line_1_6' title="bbox 221 729 1260 793; baseline -0.003 -17"><span class='ocrx_word' id='word_1_14' title='bbox 221 733 343 793; x_wconf 83' lang='lat' dir='ltr'><strong>Saepe</strong></span> <span class='ocrx_word' id='word_1_15' title='bbox 372 731 480 776; x_wconf 83' lang='lat' dir='ltr'><strong>duas</strong></span> <span class='ocrx_word' id='word_1_16' title='bbox 507 732 690 792; x_wconf 84' lang='lat' dir='ltr'><strong>pariter,</strong></span> <span class='ocrx_word' id='word_1_17' title='bbox 715 747 828 792; x_wconf 85' lang='lat' dir='ltr'><strong>saepe</strong></span> <span class='ocrx_word' id='word_1_18' title='bbox 853 729 1091 775; x_wconf 84' lang='lat' dir='ltr'>monaulon</span> <span class='ocrx_word' id='word_1_19' title='bbox 1114 730 1260 774; x_wconf 85' lang='lat' dir='ltr'><strong>habet.</strong></span> 
     </span>
    </p>
   </div>
   <div class='ocr_carea' id='block_1_6' title="bbox 152 851 1229 991">
    <p class='ocr_par' dir='ltr' id='par_1_6' title="bbox 152 851 1229 991">
     <span class='ocr_line' id='line_1_7' title="bbox 152 851 1066 920; baseline 0 -18"><span class='ocrx_word' id='word_1_20' title='bbox 152 851 270 920; x_wconf 73' lang='grc' dir='ltr'><strong>Ημᾶς</strong></span> <span class='ocrx_word' id='word_1_21' title='bbox 296 860 484 920; x_wconf 74' lang='grc' dir='ltr'>αὐλητρὶς</span> <span class='ocrx_word' id='word_1_22' title='bbox 513 863 619 918; x_wconf 78' lang='grc' dir='ltr'>φυσᾷ</span> <span class='ocrx_word' id='word_1_23' title='bbox 644 860 842 919; x_wconf 74' lang='grc' dir='ltr'>μεθύουσα</span> <span class='ocrx_word' id='word_1_24' title='bbox 864 860 1066 920; x_wconf 71' lang='grc' dir='ltr'>γνάθοισι·</span> 
     </span>
     <span class='ocr_line' id='line_1_8' title="bbox 219 925 1229 991; baseline -0.001 -18"><span class='ocrx_word' id='word_1_25' title='bbox 219 930 301 973; x_wconf 85' lang='grc' dir='ltr'><strong>Καὶ</strong></span> <span class='ocrx_word' id='word_1_26' title='bbox 327 937 383 990; x_wconf 81' lang='grc' dir='ltr'><strong>πῇ</strong></span> <span class='ocrx_word' id='word_1_27' title='bbox 409 930 478 989; x_wconf 81' lang='grc' dir='ltr'><strong>μὲν</strong></span> <span class='ocrx_word' id='word_1_28' title='bbox 506 925 723 990; x_wconf 76' lang='grc' dir='ltr'>διδύμους,</span> <span class='ocrx_word' id='word_1_29' title='bbox 752 925 880 991; x_wconf 72' lang='grc' dir='ltr'>πῇδὲ</span> <span class='ocrx_word' id='word_1_30' title='bbox 912 931 1107 989; x_wconf 84' lang='grc' dir='ltr'>μόναυλον</span> <span class='ocrx_word' id='word_1_31' title='bbox 1134 932 1229 990; x_wconf 74' lang='grc' dir='ltr'>ἔχει.</span> 
     </span>
    </p>
   </div>
   <div class='ocr_carea' id='block_1_7' title="bbox 78 1066 754 1699">
    <p class='ocr_par' dir='ltr' id='par_1_7' title="bbox 78 1066 754 1699">
     <span class='ocr_line' id='line_1_9' title="bbox 131 1066 753 1115; baseline -0.002 -12"><span class='ocrx_word' id='word_1_32' title='bbox 131 1066 149 1081; x_wconf 82' lang='lat'><strong>*</strong></span> <span class='ocrx_word' id='word_1_33' title='bbox 172 1070 284 1103; x_wconf 76' lang='lat' dir='ltr'><strong>Tibiae.</strong></span> <span class='ocrx_word' id='word_1_34' title='bbox 308 1070 361 1102; x_wconf 92' lang='lat' dir='ltr'><strong>De</strong></span> <span class='ocrx_word' id='word_1_35' title='bbox 381 1069 485 1102; x_wconf 86' lang='lat' dir='ltr'><strong>variis</strong></span> <span class='ocrx_word' id='word_1_36' title='bbox 505 1069 672 1102; x_wconf 88' lang='lat' dir='ltr'><strong>tibiarum</strong></span> <span class='ocrx_word' id='word_1_37' title='bbox 694 1081 753 1115; x_wconf 88' lang='lat' dir='ltr'><strong>ge-</strong></span> 
     </span>
     <span class='ocr_line' id='line_1_10' title="bbox 78 1122 752 1168; baseline -0.001 -11"><span class='ocrx_word' id='word_1_38' title='bbox 78 1123 222 1157; x_wconf 81' lang='lat' dir='ltr'><strong>neribus</strong></span> <span class='ocrx_word' id='word_1_39' title='bbox 237 1122 346 1156; x_wconf 89' lang='lat' dir='ltr'><strong>Solin.</strong></span> <span class='ocrx_word' id='word_1_40' title='bbox 363 1134 439 1168; x_wconf 90' lang='lat' dir='ltr'><strong>cap.</strong></span> <span class='ocrx_word' id='word_1_41' title='bbox 455 1134 501 1156; x_wconf 88' lang='lat'><strong>11.</strong></span> <span class='ocrx_word' id='word_1_42' title='bbox 514 1122 661 1163; x_wconf 76' lang='lat' dir='ltr'><strong>Forma,</strong></span> <span class='ocrx_word' id='word_1_43' title='bbox 680 1135 752 1156; x_wconf 91' lang='lat' dir='ltr'><strong>non</strong></span> 
     </span>
     <span class='ocr_line' id='line_1_11' title="bbox 79 1174 754 1218; baseline -0.001 -8"><span class='ocrx_word' id='word_1_44' title='bbox 79 1177 245 1218; x_wconf 87' lang='lat' dir='ltr'><strong>materia,</strong></span> <span class='ocrx_word' id='word_1_45' title='bbox 270 1175 442 1209; x_wconf 80' lang='lat' dir='ltr'><strong>differunt</strong></span> <span class='ocrx_word' id='word_1_46' title='bbox 461 1187 479 1208; x_wconf 89' lang='lat' dir='ltr'><strong>a</strong></span> <span class='ocrx_word' id='word_1_47' title='bbox 499 1174 637 1209; x_wconf 84' lang='lat' dir='ltr'><strong>fistulis.</strong></span> <span class='ocrx_word' id='word_1_48' title='bbox 663 1176 754 1209; x_wconf 85' lang='lat' dir='ltr'><strong>Nam</strong></span> 
     </span>
     <span class='ocr_line' id='line_1_12' title="bbox 78 1228 753 1270; baseline -0.001 -7"><span class='ocrx_word' id='word_1_49' title='bbox 78 1230 164 1263; x_wconf 85' lang='lat' dir='ltr'><strong>tibia</strong></span> <span class='ocrx_word' id='word_1_50' title='bbox 185 1242 204 1263; x_wconf 92' lang='lat' dir='ltr'><strong>e</strong></span> <span class='ocrx_word' id='word_1_51' title='bbox 224 1229 368 1270; x_wconf 86' lang='lat' dir='ltr'><strong>cicutis,</strong></span> <span class='ocrx_word' id='word_1_52' title='bbox 387 1228 525 1262; x_wconf 84' lang='lat' dir='ltr'><strong>calamis</strong></span> <span class='ocrx_word' id='word_1_53' title='bbox 538 1253 548 1269; x_wconf 91' lang='lat'>‚</span> <span class='ocrx_word' id='word_1_54' title='bbox 569 1229 664 1262; x_wconf 79' lang='lat' dir='ltr'><strong>buxo</strong></span> <span class='ocrx_word' id='word_1_55' title='bbox 677 1254 685 1270; x_wconf 90' lang='lat'>‚</span> <span class='ocrx_word' id='word_1_56' title='bbox 713 1238 753 1262; x_wconf 89' lang='lat' dir='ltr'><strong>ut</strong></span> 
     </span>
     <span class='ocr_line' id='line_1_13' title="bbox 79 1281 752 1328; baseline -0.003 -12"><span class='ocrx_word' id='word_1_57' title='bbox 79 1283 212 1325; x_wconf 80' lang='lat' dir='ltr'><strong>fistula3</strong></span> <span class='ocrx_word' id='word_1_58' title='bbox 232 1295 444 1328; x_wconf 85' lang='lat' dir='ltr'><strong>quamquam</strong></span> <span class='ocrx_word' id='word_1_59' title='bbox 469 1281 557 1316; x_wconf 80' lang='lat' dir='ltr'><strong>tibia</strong></span> <span class='ocrx_word' id='word_1_60' title='bbox 581 1282 687 1315; x_wconf 85' lang='lat' dir='ltr'><strong>etiam</strong></span> <span class='ocrx_word' id='word_1_61' title='bbox 711 1294 752 1315; x_wconf 78' lang='lat' dir='ltr'><strong>ex</strong></span> 
     </span>
     <span class='ocr_line' id='line_1_14' title="bbox 80 1335 750 1381; baseline -0.001 -12"><span class='ocrx_word' id='word_1_62' title='bbox 80 1348 166 1375; x_wconf 84' lang='lat' dir='ltr'><strong>aere,</strong></span> <span class='ocrx_word' id='word_1_63' title='bbox 190 1348 286 1376; x_wconf 87' lang='lat' dir='ltr'><strong>osse,</strong></span> <span class='ocrx_word' id='word_1_64' title='bbox 311 1343 377 1370; x_wconf 89' lang='lat' dir='ltr'><strong>etc.</strong></span> <span class='ocrx_word' id='word_1_65' title='bbox 396 1335 522 1368; x_wconf 85' lang='lat' dir='ltr'><strong>Forma</strong></span> <span class='ocrx_word' id='word_1_66' title='bbox 541 1335 727 1381; x_wconf 82' lang='lat' dir='ltr'><strong>multiplex</strong></span> <span class='ocrx_word' id='word_1_67' title='bbox 743 1347 750 1368; x_wconf 74' lang='grc' dir='ltr'><em>ι</em></span> 
     </span>
     <span class='ocr_line' id='line_1_15' title="bbox 80 1388 753 1434; baseline 0.001 -13"><span class='ocrx_word' id='word_1_68' title='bbox 80 1389 155 1422; x_wconf 84' lang='lat' dir='ltr'><strong>aliae</strong></span> <span class='ocrx_word' id='word_1_69' title='bbox 177 1389 358 1434; x_wconf 74' lang='lat' dir='ltr'><strong>linguatae,</strong></span> <span class='ocrx_word' id='word_1_70' title='bbox 377 1388 451 1422; x_wconf 85' lang='lat' dir='ltr'><strong>aliae</strong></span> <span class='ocrx_word' id='word_1_71' title='bbox 476 1388 653 1434; x_wconf 86' lang='lat' dir='ltr'><strong>elingues;</strong></span> <span class='ocrx_word' id='word_1_72' title='bbox 671 1388 753 1423; x_wconf 87' lang='lat' dir='ltr'><strong>alias</strong></span> 
     </span>
     <span class='ocr_line' id='line_1_16' title="bbox 81 1438 751 1484; baseline 0 -9"><span class='ocrx_word' id='word_1_73' title='bbox 81 1443 274 1484; x_wconf 69' lang='grc' dir='ltr'>μσναύλους,</span> <span class='ocrx_word' id='word_1_74' title='bbox 294 1442 376 1475; x_wconf 87' lang='lat' dir='ltr'><strong>alias</strong></span> <span class='ocrx_word' id='word_1_75' title='bbox 396 1438 566 1482; x_wconf 67' lang='grc' dir='ltr'><strong>διαύλως,</strong></span> <span class='ocrx_word' id='word_1_76' title='bbox 583 1442 651 1475; x_wconf 85' lang='lat' dir='ltr'><strong>hoe</strong></span> <span class='ocrx_word' id='word_1_77' title='bbox 678 1450 751 1482; x_wconf 87' lang='lat' dir='ltr'><strong>est,</strong></span> 
     </span>
     <span class='ocr_line' id='line_1_17' title="bbox 80 1495 750 1540; baseline 0 -13"><span class='ocrx_word' id='word_1_78' title='bbox 80 1495 254 1540; x_wconf 79' lang='lat' dir='ltr'><strong>simplices</strong></span> <span class='ocrx_word' id='word_1_79' title='bbox 279 1503 313 1528; x_wconf 85' lang='lat' dir='ltr'><strong>et</strong></span> <span class='ocrx_word' id='word_1_80' title='bbox 339 1495 492 1540; x_wconf 84' lang='lat' dir='ltr'><strong>geminas</strong></span> <span class='ocrx_word' id='word_1_81' title='bbox 519 1495 750 1540; x_wconf 84' lang='lat' dir='ltr'><strong>appellabant.</strong></span> 
     </span>
     <span class='ocr_line' id='line_1_18' title="bbox 80 1546 752 1594; baseline 0 -14"><span class='ocrx_word' id='word_1_82' title='bbox 80 1547 249 1580; x_wconf 79' lang='lat' dir='ltr'><strong>Monaulos</strong></span> <span class='ocrx_word' id='word_1_83' title='bbox 276 1560 358 1592; x_wconf 82' lang='lat' dir='ltr'><strong>ergo</strong></span> <span class='ocrx_word' id='word_1_84' title='bbox 389 1546 574 1581; x_wconf 78' lang='lat' dir='ltr'><strong>dicebatur</strong></span> <span class='ocrx_word' id='word_1_85' title='bbox 599 1548 752 1594; x_wconf 86' lang='lat' dir='ltr'><strong>singula-</strong></span> 
     </span>
     <span class='ocr_line' id='line_1_19' title="bbox 79 1599 753 1642; baseline 0.003 -10"><span class='ocrx_word' id='word_1_86' title='bbox 79 1600 127 1633; x_wconf 83' lang='lat' dir='ltr'><strong>ris</strong></span> <span class='ocrx_word' id='word_1_87' title='bbox 147 1601 250 1642; x_wconf 87' lang='lat' dir='ltr'><strong>tibia,</strong></span> <span class='ocrx_word' id='word_1_88' title='bbox 270 1600 314 1634; x_wconf 81' lang='lat' dir='ltr'><strong>ad</strong></span> <span class='ocrx_word' id='word_1_89' title='bbox 338 1599 576 1634; x_wconf 68' lang='lat' dir='ltr'><strong>differentiam</strong></span> <span class='ocrx_word' id='word_1_90' title='bbox 603 1605 657 1634; x_wconf 73' lang='grc' dir='ltr'><strong>τοῦ</strong></span> <span class='ocrx_word' id='word_1_91' title='bbox 685 1602 753 1640; x_wconf 74' lang='grc' dir='ltr'>ζεύ-</span> 
     </span>
     <span class='ocr_line' id='line_1_20' title="bbox 80 1653 753 1699; baseline 0.001 -13"><span class='ocrx_word' id='word_1_92' title='bbox 80 1666 171 1697; x_wconf 64' lang='grc' dir='ltr'>γους,</span> <span class='ocrx_word' id='word_1_93' title='bbox 195 1666 306 1699; x_wconf 88' lang='lat' dir='ltr'><strong>quum</strong></span> <span class='ocrx_word' id='word_1_94' title='bbox 330 1653 421 1687; x_wconf 88' lang='lat' dir='ltr'><strong>hinae</strong></span> <span class='ocrx_word' id='word_1_95' title='bbox 443 1653 547 1686; x_wconf 90' lang='lat' dir='ltr'><strong>simul</strong></span> <span class='ocrx_word' id='word_1_96' title='bbox 571 1654 753 1687; x_wconf 81' lang='lat' dir='ltr'><strong>inflantur.</strong></span> 
     </span>
    </p>
   </div>
   <div class='ocr_carea' id='block_1_8' title="bbox 813 1069 1497 1699">
    <p class='ocr_par' dir='ltr' id='par_1_8' title="bbox 813 1069 1493 1274">
     <span class='ocr_line' id='line_1_21' title="bbox 813 1069 1493 1115; baseline 0.001 -13"><span class='ocrx_word' id='word_1_97' title='bbox 813 1070 865 1102; x_wconf 89' lang='lat' dir='ltr'><strong>De</strong></span> <span class='ocrx_word' id='word_1_98' title='bbox 889 1069 944 1103; x_wconf 90' lang='lat' dir='ltr'><strong>his</strong></span> <span class='ocrx_word' id='word_1_99' title='bbox 970 1070 1076 1102; x_wconf 77' lang='lat' dir='ltr'><strong>etiam</strong></span> <span class='ocrx_word' id='word_1_100' title='bbox 1104 1070 1180 1103; x_wconf 86' lang='lat' dir='ltr'><strong>fuse</strong></span> <span class='ocrx_word' id='word_1_101' title='bbox 1205 1070 1275 1115; x_wconf 86' lang='lat' dir='ltr'><strong>agit</strong></span> <span class='ocrx_word' id='word_1_102' title='bbox 1304 1070 1493 1104; x_wconf 82' lang='lat' dir='ltr'><strong>Beroaldus</strong></span> 
     </span>
     <span class='ocr_line' id='line_1_22' title="bbox 814 1121 1492 1168; baseline 0.001 -13"><span class='ocrx_word' id='word_1_103' title='bbox 814 1121 858 1155; x_wconf 81' lang='lat' dir='ltr'><strong>ad</strong></span> <span class='ocrx_word' id='word_1_104' title='bbox 876 1122 949 1156; x_wconf 83' lang='lat' dir='ltr'><strong>haec</strong></span> <span class='ocrx_word' id='word_1_105' title='bbox 967 1122 1107 1168; x_wconf 90' lang='lat' dir='ltr'><strong>Apuleii</strong></span> <span class='ocrx_word' id='word_1_106' title='bbox 1125 1124 1230 1156; x_wconf 82' lang='lat' dir='ltr'><strong>verba</strong></span> <span class='ocrx_word' id='word_1_107' title='bbox 1243 1149 1252 1164; x_wconf 92' lang='lat'>‚</span> <span class='ocrx_word' id='word_1_108' title='bbox 1267 1123 1366 1155; x_wconf 84' lang='lat' dir='ltr'>Asini</span> <span class='ocrx_word' id='word_1_109' title='bbox 1386 1124 1492 1157; x_wconf 85' lang='lat' dir='ltr'><strong>Aurei</strong></span> 
     </span>
     <span class='ocr_line' id='line_1_23' title="bbox 814 1175 1492 1210; baseline 0.001 -2"><span class='ocrx_word' id='word_1_110' title='bbox 814 1175 873 1209; x_wconf 83' lang='lat' dir='ltr'><strong>lib.</strong></span> <span class='ocrx_word' id='word_1_111' title='bbox 894 1176 939 1208; x_wconf 92' lang='lat' dir='ltr'><strong>X.</strong></span> <span class='ocrx_word' id='word_1_112' title='bbox 959 1192 973 1205; x_wconf 73' lang='grc' dir='ltr'>ι</span> <span class='ocrx_word' id='word_1_113' title='bbox 993 1177 1071 1209; x_wconf 84' lang='lat' dir='ltr'><strong>Jam</strong></span> <span class='ocrx_word' id='word_1_114' title='bbox 1102 1176 1194 1209; x_wconf 87' lang='lat' dir='ltr'><strong>tibiae</strong></span> <span class='ocrx_word' id='word_1_115' title='bbox 1226 1176 1492 1210; x_wconf 71' lang='lat' dir='ltr'>multiforabiles</span> 
     </span>
     <span class='ocr_line' id='line_1_24' title="bbox 813 1228 1487 1274; baseline 0 -12"><span class='ocrx_word' id='word_1_116' title='bbox 813 1237 932 1262; x_wconf 84' lang='lat' dir='ltr'><strong>cantus</strong></span> <span class='ocrx_word' id='word_1_117' title='bbox 948 1228 1080 1274; x_wconf 71' lang='lat' dir='ltr'><strong>Lydios</strong></span> <span class='ocrx_word' id='word_1_118' title='bbox 1094 1228 1244 1263; x_wconf 83' lang='lat' dir='ltr'><strong>dulciter</strong></span> <span class='ocrx_word' id='word_1_119' title='bbox 1257 1238 1463 1262; x_wconf 80' lang='lat' dir='ltr'>consonant.</span> <span class='ocrx_word' id='word_1_120' title='bbox 1474 1247 1487 1258; x_wconf 71' lang='grc' dir='ltr'>υ</span> 
     </span>
    </p>

    <p class='ocr_par' dir='ltr' id='par_1_9' title="bbox 814 1281 1493 1483">
     <span class='ocr_line' id='line_1_25' title="bbox 871 1281 1492 1316; baseline -0.002 -1"><span class='ocrx_word' id='word_1_121' title='bbox 871 1294 903 1315; x_wconf 91' lang='lat'><strong>1.</strong></span> <span class='ocrx_word' id='word_1_122' title='bbox 930 1282 1005 1315; x_wconf 76' lang='lat' dir='ltr'><strong>Non</strong></span> <span class='ocrx_word' id='word_1_123' title='bbox 1038 1281 1116 1316; x_wconf 85' lang='lat' dir='ltr'><strong>cod.</strong></span> <span class='ocrx_word' id='word_1_124' title='bbox 1156 1283 1292 1316; x_wconf 79' lang='lat' dir='ltr'><strong>Beverl.</strong></span> <span class='ocrx_word' id='word_1_125' title='bbox 1321 1299 1367 1303; x_wconf 94' lang='lat'>—</span> <span class='ocrx_word' id='word_1_126' title='bbox 1390 1283 1492 1315; x_wconf 76' lang='lat' dir='ltr'><strong>Ebria</strong></span> 
     </span>
     <span class='ocr_line' id='line_1_26' title="bbox 815 1335 1493 1381; baseline 0.003 -14"><span class='ocrx_word' id='word_1_127' title='bbox 815 1335 953 1369; x_wconf 80' lang='lat' dir='ltr'><em>tibicina.</em></span> <span class='ocrx_word' id='word_1_128' title='bbox 976 1335 1107 1369; x_wconf 85' lang='lat' dir='ltr'>Mulier</span> <span class='ocrx_word' id='word_1_129' title='bbox 1127 1348 1277 1381; x_wconf 85' lang='lat' dir='ltr'><strong>nempe,</strong></span> <span class='ocrx_word' id='word_1_130' title='bbox 1303 1348 1379 1381; x_wconf 87' lang='lat' dir='ltr'><strong>quae</strong></span> <span class='ocrx_word' id='word_1_131' title='bbox 1409 1335 1493 1369; x_wconf 80' lang='lat' dir='ltr'><strong>tibia</strong></span> 
     </span>
     <span class='ocr_line' id='line_1_27' title="bbox 814 1388 1489 1434; baseline 0 -13"><span class='ocrx_word' id='word_1_132' title='bbox 814 1401 940 1421; x_wconf 83' lang='lat' dir='ltr'><strong>canens</strong></span> <span class='ocrx_word' id='word_1_133' title='bbox 959 1389 1122 1422; x_wconf 80' lang='lat' dir='ltr'><strong>convivio</strong></span> <span class='ocrx_word' id='word_1_134' title='bbox 1143 1388 1274 1422; x_wconf 81' lang='lat' dir='ltr'><strong>aderat.</strong></span> <span class='ocrx_word' id='word_1_135' title='bbox 1289 1390 1489 1434; x_wconf 67' lang='lat' dir='ltr'><strong>——Rumpz&#39;t,</strong></span> 
     </span>
     <span class='ocr_line' id='line_1_28' title="bbox 814 1440 1410 1483; baseline 0.002 -9"><span class='ocrx_word' id='word_1_136' title='bbox 814 1440 851 1474; x_wconf 90' lang='lat' dir='ltr'><strong>id</strong></span> <span class='ocrx_word' id='word_1_137' title='bbox 863 1450 930 1482; x_wconf 89' lang='lat' dir='ltr'><strong>est,</strong></span> <span class='ocrx_word' id='word_1_138' title='bbox 948 1441 1069 1483; x_wconf 83' lang='lat' dir='ltr'><strong>inflat,</strong></span> <span class='ocrx_word' id='word_1_139' title='bbox 1089 1450 1129 1475; x_wconf 91' lang='lat' dir='ltr'><strong>ut</strong></span> <span class='ocrx_word' id='word_1_140' title='bbox 1150 1443 1237 1475; x_wconf 87' lang='lat' dir='ltr'><strong>mihi</strong></span> <span class='ocrx_word' id='word_1_141' title='bbox 1257 1442 1410 1475; x_wconf 82' lang='lat' dir='ltr'><strong>videtur.</strong></span> 
     </span>
    </p>

    <p class='ocr_par' dir='ltr' id='par_1_10' title="bbox 814 1494 1497 1699">
     <span class='ocr_line' id='line_1_29' title="bbox 870 1494 1493 1540; baseline -0.002 -12"><span class='ocrx_word' id='word_1_142' title='bbox 870 1510 902 1528; x_wconf 78' lang='lat'><strong>2.</strong></span> <span class='ocrx_word' id='word_1_143' title='bbox 926 1495 1029 1540; x_wconf 75' lang='lat' dir='ltr'><strong>Sepon</strong></span> <span class='ocrx_word' id='word_1_144' title='bbox 1056 1496 1151 1528; x_wconf 78' lang='lat' dir='ltr'><strong>aulon</strong></span> <span class='ocrx_word' id='word_1_145' title='bbox 1179 1494 1256 1529; x_wconf 86' lang='lat' dir='ltr'><strong>cod.</strong></span> <span class='ocrx_word' id='word_1_146' title='bbox 1285 1496 1423 1528; x_wconf 85' lang='lat' dir='ltr'><strong>Thuan.</strong></span> <span class='ocrx_word' id='word_1_147' title='bbox 1445 1517 1493 1521; x_wconf 84' lang='lat'>—</span> 
     </span>
     <span class='ocr_line' id='line_1_30' title="bbox 814 1547 1496 1593; baseline 0.001 -14"><span class='ocrx_word' id='word_1_148' title='bbox 814 1547 906 1592; x_wconf 77' lang='lat' dir='ltr'><strong>Soepe</strong></span> <span class='ocrx_word' id='word_1_149' title='bbox 922 1548 1013 1581; x_wconf 70' lang='lat' dir='ltr'><strong>duas.</strong></span> <span class='ocrx_word' id='word_1_150' title='bbox 1033 1548 1109 1582; x_wconf 91' lang='lat' dir='ltr'><strong>Hoc</strong></span> <span class='ocrx_word' id='word_1_151' title='bbox 1128 1557 1200 1582; x_wconf 89' lang='lat' dir='ltr'><strong>est:</strong></span> <span class='ocrx_word' id='word_1_152' title='bbox 1220 1549 1317 1593; x_wconf 84' lang='lat' dir='ltr'><strong>Saepe</strong></span> <span class='ocrx_word' id='word_1_153' title='bbox 1334 1549 1439 1581; x_wconf 87' lang='lat' dir='ltr'><strong>habet</strong></span> <span class='ocrx_word' id='word_1_154' title='bbox 1458 1549 1496 1581; x_wconf 87' lang='lat' dir='ltr'><strong>ti-</strong></span> 
     </span>
     <span class='ocr_line' id='line_1_31' title="bbox 814 1601 1497 1648; baseline 0 -15"><span class='ocrx_word' id='word_1_155' title='bbox 814 1601 909 1634; x_wconf 83' lang='lat' dir='ltr'>biam</span> <span class='ocrx_word' id='word_1_156' title='bbox 928 1602 1121 1646; x_wconf 83' lang='lat' dir='ltr'><strong>geminam,</strong></span> <span class='ocrx_word' id='word_1_157' title='bbox 1140 1610 1173 1635; x_wconf 86' lang='lat' dir='ltr'><strong>et</strong></span> <span class='ocrx_word' id='word_1_158' title='bbox 1186 1614 1275 1648; x_wconf 85' lang='lat' dir='ltr'><strong>saepe</strong></span> <span class='ocrx_word' id='word_1_159' title='bbox 1293 1601 1497 1637; x_wconf 79' lang='lat' dir='ltr'><strong>monaulon.</strong></span> 
     </span>
     <span class='ocr_line' id='line_1_32' title="bbox 814 1654 1195 1699; baseline 0.003 -13"><span class='ocrx_word' id='word_1_160' title='bbox 814 1654 882 1686; x_wconf 89' lang='lat' dir='ltr'><strong>hoc</strong></span> <span class='ocrx_word' id='word_1_161' title='bbox 899 1662 948 1686; x_wconf 86' lang='lat' dir='ltr'><strong>est</strong></span> <span class='ocrx_word' id='word_1_162' title='bbox 961 1680 970 1692; x_wconf 83' lang='lat'><strong>‚</strong></span> <span class='ocrx_word' id='word_1_163' title='bbox 991 1655 1195 1699; x_wconf 73' lang='lat' dir='ltr'>simplicem.</span> 
     </span>
    </p>
   </div>
   <div class='ocr_carea' id='block_1_9' title="bbox 695 1789 881 1843">
    <p class='ocr_par' dir='ltr' id='par_1_11' title="bbox 695 1789 881 1843">
     <span class='ocr_line' id='line_1_33' title="bbox 695 1789 881 1843; baseline 0.005 -1"><span class='ocrx_word' id='word_1_164' title='bbox 695 1789 881 1843; x_wconf 66' lang='lat' dir='ltr'><strong>LXV.</strong></span> 
     </span>
    </p>
   </div>
   <div class='ocr_carea' id='block_1_10' title="bbox 551 1934 1024 1963">
    <p class='ocr_par' dir='ltr' id='par_1_12' title="bbox 551 1934 1024 1963">
     <span class='ocr_line' id='line_1_34' title="bbox 551 1934 1024 1963; baseline -0.002 -2"><span class='ocrx_word' id='word_1_165' title='bbox 551 1934 734 1963; x_wconf 80' lang='lat' dir='ltr'>SOLEAE</span> <span class='ocrx_word' id='word_1_166' title='bbox 775 1935 1024 1963; x_wconf 68' lang='lat' dir='ltr'>LANATAE.</span> 
     </span>
    </p>
   </div>
   <div class='ocr_carea' id='block_1_11' title="bbox 158 2045 1177 2179">
    <p class='ocr_par' dir='ltr' id='par_1_13' title="bbox 158 2045 1177 2179">
     <span class='ocr_line' id='line_1_35' title="bbox 158 2045 1177 2107; baseline 0.001 -18"><span class='ocrx_word' id='word_1_167' title='bbox 158 2048 394 2091; x_wconf 68' lang='lat' dir='ltr'><strong>[mmmm</strong></span> <span class='ocrx_word' id='word_1_168' title='bbox 426 2048 459 2090; x_wconf 87' lang='lat' dir='ltr'><strong>si</strong></span> <span class='ocrx_word' id='word_1_169' title='bbox 486 2046 598 2090; x_wconf 79' lang='lat' dir='ltr'><strong>forte</strong></span> <span class='ocrx_word' id='word_1_170' title='bbox 623 2063 755 2107; x_wconf 77' lang='lat' dir='ltr'><strong>puer⁷</strong></span> <span class='ocrx_word' id='word_1_171' title='bbox 776 2045 1001 2107; x_wconf 81' lang='lat' dir='ltr'><strong>soleasque</strong></span> <span class='ocrx_word' id='word_1_172' title='bbox 1027 2046 1177 2091; x_wconf 79' lang='lat' dir='ltr'><strong>libebit</strong></span> 
     </span>
     <span class='ocr_line' id='line_1_36' title="bbox 219 2118 1113 2179; baseline 0.002 -19"><span class='ocrx_word' id='word_1_173' title='bbox 219 2118 424 2171; x_wconf 71' lang='lat' dir='ltr'><strong>Sumerez,</strong></span> <span class='ocrx_word' id='word_1_174' title='bbox 447 2134 526 2178; x_wconf 87' lang='lat' dir='ltr'><strong>pro</strong></span> <span class='ocrx_word' id='word_1_175' title='bbox 548 2134 686 2178; x_wconf 85' lang='lat' dir='ltr'><strong>puero</strong></span> <span class='ocrx_word' id='word_1_176' title='bbox 708 2134 783 2178; x_wconf 85' lang='lat' dir='ltr'><strong>pes</strong></span> <span class='ocrx_word' id='word_1_177' title='bbox 803 2119 884 2161; x_wconf 84' lang='lat' dir='ltr'><strong>erit</strong></span> <span class='ocrx_word' id='word_1_178' title='bbox 906 2119 996 2179; x_wconf 86' lang='lat' dir='ltr'><strong>ipse</strong></span> <span class='ocrx_word' id='word_1_179' title='bbox 1019 2118 1113 2162; x_wconf 84' lang='lat' dir='ltr'>sibi.</span> 
     </span>
    </p>
   </div>
   <div class='ocr_carea' id='block_1_12' title="bbox 80 2243 755 2713">
    <p class='ocr_par' dir='ltr' id='par_1_14' title="bbox 80 2243 755 2607">
     <span class='ocr_line' id='line_1_37' title="bbox 139 2243 752 2290; baseline -0.002 -12"><span class='ocrx_word' id='word_1_180' title='bbox 139 2258 169 2278; x_wconf 89' lang='lat'><strong>1.</strong></span> <span class='ocrx_word' id='word_1_181' title='bbox 187 2243 307 2279; x_wconf 76' lang='lat' dir='ltr'><strong>Soleus.</strong></span> <span class='ocrx_word' id='word_1_182' title='bbox 324 2244 458 2278; x_wconf 85' lang='lat' dir='ltr'><strong>Gellius</strong></span> <span class='ocrx_word' id='word_1_183' title='bbox 478 2244 540 2277; x_wconf 90' lang='lat' dir='ltr'><strong>lib.</strong></span> <span class='ocrx_word' id='word_1_184' title='bbox 556 2244 663 2286; x_wconf 82' lang='lat' dir='ltr'><strong>XIII,</strong></span> <span class='ocrx_word' id='word_1_185' title='bbox 675 2257 752 2290; x_wconf 90' lang='lat' dir='ltr'><strong>cap.</strong></span> 
     </span>
     <span class='ocr_line' id='line_1_38' title="bbox 85 2296 750 2343; baseline 0 -12"><span class='ocrx_word' id='word_1_186' title='bbox 85 2310 130 2331; x_wconf 83' lang='lat'><strong>20</strong></span> <span class='ocrx_word' id='word_1_187' title='bbox 144 2309 151 2331; x_wconf 89' lang='lat'><strong>:</strong></span> <span class='ocrx_word' id='word_1_188' title='bbox 167 2315 181 2327; x_wconf 76' lang='grc' dir='ltr'>ι</span> <span class='ocrx_word' id='word_1_189' title='bbox 193 2297 323 2331; x_wconf 86' lang='lat' dir='ltr'><strong>Omnia</strong></span> <span class='ocrx_word' id='word_1_190' title='bbox 337 2297 431 2331; x_wconf 88' lang='lat' dir='ltr'><strong>enim</strong></span> <span class='ocrx_word' id='word_1_191' title='bbox 447 2297 556 2331; x_wconf 85' lang='lat' dir='ltr'><strong>ferme</strong></span> <span class='ocrx_word' id='word_1_192' title='bbox 573 2296 612 2330; x_wconf 88' lang='lat' dir='ltr'>id</span> <span class='ocrx_word' id='word_1_193' title='bbox 624 2309 750 2343; x_wconf 83' lang='lat' dir='ltr'><strong>genus,</strong></span> 
     </span>
     <span class='ocr_line' id='line_1_39' title="bbox 80 2351 755 2396; baseline 0.001 -13"><span class='ocrx_word' id='word_1_194' title='bbox 80 2351 207 2396; x_wconf 89' lang='lat' dir='ltr'><strong>quibus</strong></span> <span class='ocrx_word' id='word_1_195' title='bbox 220 2351 419 2396; x_wconf 78' lang='lat' dir='ltr'><strong>plantarum</strong></span> <span class='ocrx_word' id='word_1_196' title='bbox 433 2351 542 2384; x_wconf 87' lang='lat' dir='ltr'><strong>calces</strong></span> <span class='ocrx_word' id='word_1_197' title='bbox 554 2358 691 2384; x_wconf 86' lang='lat' dir='ltr'><strong>tantum</strong></span> <span class='ocrx_word' id='word_1_198' title='bbox 704 2352 755 2384; x_wconf 88' lang='lat' dir='ltr'><strong>in-</strong></span> 
     </span>
     <span class='ocr_line' id='line_1_40' title="bbox 81 2403 754 2450; baseline 0.003 -15"><span class='ocrx_word' id='word_1_199' title='bbox 81 2403 163 2436; x_wconf 85' lang='lat' dir='ltr'><strong>fime</strong></span> <span class='ocrx_word' id='word_1_200' title='bbox 180 2411 360 2449; x_wconf 85' lang='lat' dir='ltr'><strong>teguntur,</strong></span> <span class='ocrx_word' id='word_1_201' title='bbox 373 2412 494 2438; x_wconf 85' lang='lat' dir='ltr'><strong>caetera</strong></span> <span class='ocrx_word' id='word_1_202' title='bbox 511 2417 622 2450; x_wconf 88' lang='lat' dir='ltr'><strong>prope</strong></span> <span class='ocrx_word' id='word_1_203' title='bbox 636 2403 733 2437; x_wconf 84' lang='lat' dir='ltr'><strong>nuda</strong></span> <span class='ocrx_word' id='word_1_204' title='bbox 745 2429 754 2445; x_wconf 89' lang='lat'>‚</span> 
     </span>
     <span class='ocr_line' id='line_1_41' title="bbox 81 2457 754 2502; baseline 0.003 -14"><span class='ocrx_word' id='word_1_205' title='bbox 81 2465 116 2489; x_wconf 84' lang='lat' dir='ltr'><strong>et</strong></span> <span class='ocrx_word' id='word_1_206' title='bbox 143 2457 309 2490; x_wconf 86' lang='lat' dir='ltr'><strong>teretibus</strong></span> <span class='ocrx_word' id='word_1_207' title='bbox 335 2457 482 2490; x_wconf 86' lang='lat' dir='ltr'><strong>habenis</strong></span> <span class='ocrx_word' id='word_1_208' title='bbox 509 2459 628 2502; x_wconf 73' lang='lat' dir='ltr'><strong>juncta</strong></span> <span class='ocrx_word' id='word_1_209' title='bbox 652 2465 733 2490; x_wconf 87' lang='lat' dir='ltr'><strong>sunt</strong></span> <span class='ocrx_word' id='word_1_210' title='bbox 745 2483 754 2499; x_wconf 86' lang='lat'>,</span> 
     </span>
     <span class='ocr_line' id='line_1_42' title="bbox 81 2508 755 2564; baseline 0.003 -23"><span class='ocrx_word' id='word_1_211' title='bbox 81 2509 179 2541; x_wconf 63' lang='lat' dir='ltr'><strong>‚oleas</strong></span> <span class='ocrx_word' id='word_1_212' title='bbox 208 2508 383 2564; x_wconf 33' lang='lat' dir='ltr'><strong>dixerunt*</strong></span> <span class='ocrx_word' id='word_1_213' title='bbox 390 2522 400 2550; x_wconf 93' lang='lat'>;</span> <span class='ocrx_word' id='word_1_214' title='bbox 431 2518 465 2543; x_wconf 90' lang='lat' dir='ltr'><strong>et</strong></span> <span class='ocrx_word' id='word_1_215' title='bbox 500 2523 755 2556; x_wconf 87' lang='lat' dir='ltr'><strong>nonmmquam</strong></span> 
     </span>
     <span class='ocr_line' id='line_1_43' title="bbox 81 2561 555 2607; baseline 0.002 -12"><span class='ocrx_word' id='word_1_216' title='bbox 81 2574 166 2595; x_wconf 58' lang='lat' dir='ltr'><strong>voce</strong></span> <span class='ocrx_word' id='word_1_217' title='bbox 186 2573 293 2606; x_wconf 71' lang='lat' dir='ltr'><strong>graeca</strong></span> <span class='ocrx_word' id='word_1_218' title='bbox 314 2561 522 2607; x_wconf 88' lang='lat' dir='ltr'><strong>crepidulas.</strong></span> <span class='ocrx_word' id='word_1_219' title='bbox 542 2581 555 2592; x_wconf 66' lang='grc' dir='ltr'><strong>ι-</strong></span> 
     </span>
    </p>

    <p class='ocr_par' dir='ltr' id='par_1_15' title="bbox 82 2615 753 2713">
     <span class='ocr_line' id='line_1_44' title="bbox 138 2615 753 2661; baseline 0.003 -14"><span class='ocrx_word' id='word_1_220' title='bbox 138 2628 171 2648; x_wconf 78' lang='lat'><strong>2.</strong></span> <span class='ocrx_word' id='word_1_221' title='bbox 201 2615 349 2648; x_wconf 81' lang='lat' dir='ltr'><strong>Proderit</strong></span> <span class='ocrx_word' id='word_1_222' title='bbox 380 2627 448 2659; x_wconf 87' lang='lat' dir='ltr'><strong>pro</strong></span> <span class='ocrx_word' id='word_1_223' title='bbox 477 2629 533 2661; x_wconf 83' lang='lat' dir='ltr'><strong>pes</strong></span> <span class='ocrx_word' id='word_1_224' title='bbox 567 2620 635 2649; x_wconf 77' lang='lat' dir='ltr'><strong>erit.</strong></span> <span class='ocrx_word' id='word_1_225' title='bbox 672 2615 753 2649; x_wconf 79' lang='lat' dir='ltr'><strong>edd.</strong></span> 
     </span>
     <span class='ocr_line' id='line_1_45' title="bbox 82 2667 752 2713; baseline 0 -12"><span class='ocrx_word' id='word_1_226' title='bbox 82 2669 314 2701; x_wconf 65' lang='lat' dir='ltr'><strong>x·ett.Veteres</strong></span> <span class='ocrx_word' id='word_1_227' title='bbox 327 2667 466 2702; x_wconf 86' lang='lat' dir='ltr'><strong>codices</strong></span> <span class='ocrx_word' id='word_1_228' title='bbox 483 2669 629 2710; x_wconf 80' lang='lat' dir='ltr'><strong>habent,</strong></span> <span class='ocrx_word' id='word_1_229' title='bbox 637 2669 752 2713; x_wconf 71' lang='lat' dir='ltr'><strong>prode-</strong></span> 
     </span>
    </p>
   </div>
   <div class='ocr_carea' id='block_1_13' title="bbox 813 2245 1488 2290">
    <p class='ocr_par' dir='ltr' id='par_1_16' title="bbox 813 2245 1488 2290">
     <span class='ocr_line' id='line_1_46' title="bbox 813 2245 1488 2290; baseline 0.004 -14"><span class='ocrx_word' id='word_1_230' title='bbox 813 2247 856 2277; x_wconf 82' lang='lat' dir='ltr'><strong>rit</strong></span> <span class='ocrx_word' id='word_1_231' title='bbox 868 2247 931 2289; x_wconf 77' lang='lat' dir='ltr'><strong>ipse</strong></span> <span class='ocrx_word' id='word_1_232' title='bbox 943 2245 1012 2278; x_wconf 85' lang='lat' dir='ltr'><strong>tibi.</strong></span> <span class='ocrx_word' id='word_1_233' title='bbox 1026 2245 1216 2279; x_wconf 84' lang='lat' dir='ltr'><strong>Salmasius</strong></span> <span class='ocrx_word' id='word_1_234' title='bbox 1228 2245 1333 2290; x_wconf 89' lang='lat' dir='ltr'><strong>legit,</strong></span> <span class='ocrx_word' id='word_1_235' title='bbox 1347 2254 1385 2280; x_wconf 89' lang='lat' dir='ltr'><strong>ut</strong></span> <span class='ocrx_word' id='word_1_236' title='bbox 1402 2258 1469 2279; x_wconf 88' lang='lat' dir='ltr'><strong>nos</strong></span> <span class='ocrx_word' id='word_1_237' title='bbox 1480 2274 1488 2285; x_wconf 93' lang='lat'><strong>‚</strong></span> 
     </span>
    </p>
   </div>
   <div class='ocr_carea' id='block_1_14' title="bbox 808 2298 1491 2343">
    <p class='ocr_par' dir='ltr' id='par_1_17' title="bbox 808 2298 1491 2343">
     <span class='ocr_line' id='line_1_47' title="bbox 808 2298 1491 2343; baseline 0.004 -14"><span class='ocrx_word' id='word_1_238' title='bbox 808 2310 865 2342; x_wconf 81' lang='lat' dir='ltr'><strong>pes</strong></span> <span class='ocrx_word' id='word_1_239' title='bbox 880 2300 942 2331; x_wconf 81' lang='lat' dir='ltr'><strong>erit</strong></span> <span class='ocrx_word' id='word_1_240' title='bbox 959 2300 1023 2343; x_wconf 84' lang='lat' dir='ltr'><strong>ipse</strong></span> <span class='ocrx_word' id='word_1_241' title='bbox 1043 2299 1104 2331; x_wconf 79' lang='lat' dir='ltr'><strong>sibi</strong></span> <span class='ocrx_word' id='word_1_242' title='bbox 1119 2311 1131 2331; x_wconf 88' lang='grc'><strong>.·</strong></span> <span class='ocrx_word' id='word_1_243' title='bbox 1146 2298 1183 2332; x_wconf 90' lang='lat' dir='ltr'><strong>h.</strong></span> <span class='ocrx_word' id='word_1_244' title='bbox 1207 2310 1236 2332; x_wconf 86' lang='lat' dir='ltr'><strong>e.</strong></span> <span class='ocrx_word' id='word_1_245' title='bbox 1254 2299 1317 2332; x_wconf 86' lang='lat' dir='ltr'><strong>Pes</strong></span> <span class='ocrx_word' id='word_1_246' title='bbox 1336 2299 1372 2332; x_wconf 82' lang='lat' dir='ltr'><strong>in</strong></span> <span class='ocrx_word' id='word_1_247' title='bbox 1391 2299 1491 2332; x_wconf 79' lang='lat' dir='ltr'><strong>soleis</strong></span> 
     </span>
    </p>
   </div>
   <div class='ocr_carea' id='block_1_15' title="bbox 813 2350 1491 2714">
    <p class='ocr_par' dir='ltr' id='par_1_18' title="bbox 813 2350 1491 2714">
     <span class='ocr_line' id='line_1_48' title="bbox 813 2350 1490 2397; baseline -0.001 -13"><span class='ocrx_word' id='word_1_248' title='bbox 813 2350 938 2385; x_wconf 87' lang='lat' dir='ltr'><strong>lanatis</strong></span> <span class='ocrx_word' id='word_1_249' title='bbox 958 2351 1071 2384; x_wconf 86' lang='lat' dir='ltr'><strong>vicem</strong></span> <span class='ocrx_word' id='word_1_250' title='bbox 1092 2353 1193 2397; x_wconf 89' lang='lat' dir='ltr'><strong>pueri</strong></span> <span class='ocrx_word' id='word_1_251' title='bbox 1219 2352 1408 2397; x_wconf 84' lang='lat' dir='ltr'><strong>supplebit..</strong></span> <span class='ocrx_word' id='word_1_252' title='bbox 1431 2353 1490 2384; x_wconf 51' lang='lat' dir='ltr'><strong>Pes</strong></span> 
     </span>
     <span class='ocr_line' id='line_1_49' title="bbox 814 2405 1490 2443; baseline 0.003 -8"><span class='ocrx_word' id='word_1_253' title='bbox 814 2405 897 2443; x_wconf 79' lang='lat' dir='ltr'><strong>erit;</strong></span> <span class='ocrx_word' id='word_1_254' title='bbox 914 2417 961 2438; x_wconf 92' lang='lat' dir='ltr'><strong>sc.</strong></span> <span class='ocrx_word' id='word_1_255' title='bbox 984 2406 1076 2443; x_wconf 68' lang='grc' dir='ltr'>παῖς.</span> <span class='ocrx_word' id='word_1_256' title='bbox 1095 2405 1266 2438; x_wconf 83' lang='lat' dir='ltr'><strong>Martialis</strong></span> <span class='ocrx_word' id='word_1_257' title='bbox 1289 2413 1388 2438; x_wconf 83' lang='lat' dir='ltr'><strong>aetate</strong></span> <span class='ocrx_word' id='word_1_258' title='bbox 1413 2407 1490 2443; x_wconf 78' lang='grc' dir='ltr'>παῖς</span> 
     </span>
     <span class='ocr_line' id='line_1_50' title="bbox 815 2456 1491 2501; baseline 0 -11"><span class='ocrx_word' id='word_1_259' title='bbox 815 2465 850 2490; x_wconf 91' lang='lat' dir='ltr'><strong>et</strong></span> <span class='ocrx_word' id='word_1_260' title='bbox 870 2470 926 2501; x_wconf 83' lang='lat' dir='ltr'><strong>pes</strong></span> <span class='ocrx_word' id='word_1_261' title='bbox 946 2456 1024 2490; x_wconf 89' lang='lat' dir='ltr'><strong>eod.</strong></span> <span class='ocrx_word' id='word_1_262' title='bbox 1047 2458 1192 2491; x_wconf 90' lang='lat' dir='ltr'><strong>sonabat</strong></span> <span class='ocrx_word' id='word_1_263' title='bbox 1210 2457 1342 2491; x_wconf 88' lang='lat' dir='ltr'><strong>modo:</strong></span> <span class='ocrx_word' id='word_1_264' title='bbox 1364 2471 1395 2490; x_wconf 81' lang='grc' dir='ltr'><strong>αι</strong></span> <span class='ocrx_word' id='word_1_265' title='bbox 1415 2466 1453 2491; x_wconf 91' lang='lat' dir='ltr'><strong>ut</strong></span> <span class='ocrx_word' id='word_1_266' title='bbox 1476 2472 1491 2490; x_wconf 82' lang='lat' dir='ltr'>c</span> 
     </span>
     <span class='ocr_line' id='line_1_51' title="bbox 815 2509 1487 2556; baseline 0 -13"><span class='ocrx_word' id='word_1_267' title='bbox 815 2510 1124 2555; x_wconf 81' lang='lat' dir='ltr'><strong>pronuntiabatur.</strong></span> <span class='ocrx_word' id='word_1_268' title='bbox 1138 2511 1195 2543; x_wconf 82' lang='lat' dir='ltr'><strong>Sic</strong></span> <span class='ocrx_word' id='word_1_269' title='bbox 1212 2509 1306 2556; x_wconf 87' lang='lat' dir='ltr'><strong>apud</strong></span> <span class='ocrx_word' id='word_1_270' title='bbox 1323 2511 1438 2543; x_wconf 79' lang='lat' dir='ltr'><strong>AEoles</strong></span> <span class='ocrx_word' id='word_1_271' title='bbox 1456 2520 1487 2543; x_wconf 80' lang='lat' dir='ltr'><strong>et</strong></span> 
     </span>
     <span class='ocr_line' id='line_1_52' title="bbox 816 2562 1488 2609; baseline 0 -13"><span class='ocrx_word' id='word_1_272' title='bbox 816 2562 1003 2608; x_wconf 82' lang='lat' dir='ltr'><strong>Spartanos</strong></span> <span class='ocrx_word' id='word_1_273' title='bbox 1020 2564 1080 2608; x_wconf 66' lang='grc' dir='ltr'><strong>πὲρ</strong></span> <span class='ocrx_word' id='word_1_274' title='bbox 1100 2572 1135 2597; x_wconf 92' lang='lat' dir='ltr'><strong>et</strong></span> <span class='ocrx_word' id='word_1_275' title='bbox 1147 2576 1295 2609; x_wconf 81' lang='lat' dir='ltr'><strong>puerum</strong></span> <span class='ocrx_word' id='word_1_276' title='bbox 1314 2571 1348 2596; x_wconf 88' lang='lat' dir='ltr'><strong>et</strong></span> <span class='ocrx_word' id='word_1_277' title='bbox 1364 2562 1488 2609; x_wconf 82' lang='lat' dir='ltr'><strong>pedem</strong></span> 
     </span>
     <span class='ocr_line' id='line_1_53' title="bbox 815 2616 1488 2660; baseline 0 -11"><span class='ocrx_word' id='word_1_278' title='bbox 815 2617 995 2660; x_wconf 83' lang='lat' dir='ltr'><strong>significat.</strong></span> <span class='ocrx_word' id='word_1_279' title='bbox 1011 2634 1023 2645; x_wconf 76' lang='lat' dir='ltr'>u</span> <span class='ocrx_word' id='word_1_280' title='bbox 1037 2617 1170 2650; x_wconf 86' lang='lat' dir='ltr'><strong>Beverl.</strong></span> <span class='ocrx_word' id='word_1_281' title='bbox 1183 2616 1259 2649; x_wconf 81' lang='lat' dir='ltr'><strong>Hoc</strong></span> <span class='ocrx_word' id='word_1_282' title='bbox 1275 2617 1406 2649; x_wconf 74' lang='lat' dir='ltr'><strong>esttTu</strong></span> <span class='ocrx_word' id='word_1_283' title='bbox 1422 2617 1488 2649; x_wconf 79' lang='lat' dir='ltr'><strong>eris</strong></span> 
     </span>
     <span class='ocr_line' id='line_1_54' title="bbox 817 2668 1233 2714; baseline 0 -12"><span class='ocrx_word' id='word_1_284' title='bbox 817 2669 879 2702; x_wconf 87' lang='lat' dir='ltr'><strong>tibi</strong></span> <span class='ocrx_word' id='word_1_285' title='bbox 901 2682 1019 2703; x_wconf 74' lang='lat' dir='ltr'><strong>servus</strong></span> <span class='ocrx_word' id='word_1_286' title='bbox 1039 2681 1055 2701; x_wconf 84' lang='lat' dir='ltr'><strong>a</strong></span> <span class='ocrx_word' id='word_1_287' title='bbox 1075 2668 1233 2714; x_wconf 84' lang='lat' dir='ltr'><strong>pedibus.</strong></span> 
     </span>
    </p>
   </div>
  </div>
 </body>
</html>
