1901 3259
332 221 921 267 EPIGRAMMATUM
960 221 1083 263 LlB.
1124 221 1259 263 XIV.

1403 218 1496 281 237

617 371 983 434 CXXVIII,

554 526 1061 556 BARDOCUCULLUS.

172 657 357 699 GALLIA
381 655 616 698 Santonico
646 654 774 697 vestit
798 663 840 697 te
866 651 1202 707 bardocucu1103

245 710 665 785 Cercopithecorum
693 722 852 784 penula
879 739 1020 783 nuper
1043 732 1148 766 erat.

163 876 193 898 1.
213 864 349 908 Santigo
368 862 446 896 cod.
467 863 607 896 Thuan.
625 884 676 888 —
696 862 779 896 Gal-

106 918 150 950 lia
174 916 354 950 Santonico.
378 915 653 949 Bardocucullus
676 915 779 948 vestis

106 978 179 1003 erat
195 969 316 1010 vilior,
331 967 374 1001 de
390 969 532 1013 qualib.
550 969 585 1009 I,
600 968 689 1013 epig.
707 980 779 1008 nv,

110 1023 129 1056 5
156 1034 164 1056 z
184 1023 304 1055 Fiebat
328 1020 422 1067 apud
449 1020 638 1061 Santones,
658 1020 780 1054 Galliae

107 1074 321 1120 Aquitanica:
348 1074 522 1119 populos.
551 1072 658 1107 hodie
684 1073 779 1107 Sain-

111 1136 212 1172 longe.

164 1193 197 1213 2.
232 1180 532 1224 Cercopithecorum.
569 1179 641 1220 Qui
674 1178 784 1212 simiae

839 869 922 895 sunt
949 860 1101 895 caudatae
1128 874 1136 895 :
1166 863 1276 908 epigr.
1307 875 1378 896 cen
1410 864 1510 897 infra.

840 914 970 947 Penula
999 915 1190 949 utebantur
1217 916 1365 949 Romani
1401 929 1512 962 quum

839 967 988 1012 plueret.
1009 968 1094 1000 Erat
1112 976 1228 1001 autem
1247 968 1514 1003 bardocucullus

840 1020 950 1053 multo
966 1020 1106 1053 brevior
1120 1032 1128 1053 ζ
1143 1021 1205 1054 lib.
1225 1022 1259 1062 I,
1279 1023 1387 1067 epigr.
1405 1035 1492 1056 xcni
1507 1050 1516 1064 ‚

843 1073 863 1106 8
876 1098 886 1112 ‚
901 1071 1166 1118 «Dimidiasque
1178 1082 1274 1107 nates
1285 1074 1414 1108 Gallica
1428 1077 1514 1122 palla

842 1126 927 1170 tegit
940 1143 953 1154 »ι
963 1124 1086 1159 ,Unde
1100 1126 1240 1159 confert
1257 1127 1355 1161 illum
1371 1129 1498 1163 tunicae
1511 1156 1517 1167 ‚

843 1191 911 1223 qua
930 1178 1144 1212 amiciuntur
1161 1179 1280 1213 simiae.

669 1314 967 1371 CXXIX.

546 1473 846 1501 CANUSINAE
892 1452 1093 1502 RUFAEf

186 1600 332 1642 Rom
357 1600 492 1659 magis
515 1598 648 1643 fuscis
673 1600 875 1655 vestitur,
898 1597 1038 1643 Gallia
1064 1598 1195 1652 rufis3

255 1670 313 1712 Et
334 1667 477 1729 placet
502 1668 573 1713 hic
599 1671 744 1729 pueris
769 1669 1063 1730 militibusque
1088 1669 1223 1714 color.

177 1808 192 1819 ¹
206 1807 316 1841 Modo
336 1809 504 1854 epigram.
524 1820 663 1851 cxxvn,
675 1811 790 1852 fuscae.

178 1874 208 1894 1.
226 1862 327 1894 Roma
342 1865 456 1907 magis,
473 1870 537 1894 etc.
556 1861 712 1903 Quidam
726 1862 794 1895 hoc

119 1914 318 1959 intelligunt
334 1915 462 1961 partim
481 1913 526 1948 de
543 1916 670 1949 tunicis
690 1915 795 1949 russis

121 1967 322 2009 Canusinis,
344 1980 422 2013 quae
442 1967 548 2002 servis
567 1976 602 2001 et
623 1969 795 2002 militibus

122 2021 160 2054 in
173 2033 238 2054 usu
257 2021 399 2054 fuerunt
411 2047 420 2063 ‚
434 2021 563 2068 partim
579 2020 623 2054 de
635 2022 774 2068 penulis
786 2034 795 2062 ;

123 2086 232 2120 quum
253 2075 352 2107 nullo
371 2083 472 2120 pacto
492 2073 535 2108 de
554 2075 684 2108 tunicis
701 2075 796 2108 Mar-

124 2127 214 2160 tialis
235 2127 414 2172 loquatur,
436 2127 495 2162 sed
514 2135 648 2160 tantum
670 2127 715 2161 de
737 2140 794 2173 pe-

124 2180 216 2213 nulis
226 2180 310 2213 rufis
319 2205 329 2220 ‚
342 2189 384 2213 ut
393 2182 515 2215 titulus
525 2179 659 2215 indicat
669 2194 679 2223 ;
688 2194 797 2227 quum

124 2240 290 2278 praeterea
306 2232 494 2267 discrimen
509 2233 616 2267 fuerit
631 2235 724 2268 inter
739 2247 797 2268 co-

126 2286 237 2319 lorem
244 2287 364 2319 rufum
372 2288 559 2321 etsuseum.
570 2287 602 2320 F
600 2287 801 2322 ern—Sen-

126 2351 184 2372 sus
202 2337 342 2372 distichi
359 2348 430 2373 est:
446 2341 525 2373 Viri
535 2341 683 2374 Romani
698 2348 800 2374 utun-

128 2399 186 2424 tur
199 2392 352 2425 vestibus
367 2393 455 2426 fusci
471 2393 597 2428 coloris
612 2407 620 2435 ;
638 2394 730 2428 Galli
745 2407 800 2427 rn-

128 2443 170 2477 fls
185 2456 204 2477 e
216 2444 294 2477 lana
308 2445 481 2478 Canusina
496 2457 504 2478 ε
518 2454 552 2479 et
567 2455 684 2480 tamen
700 2447 799 2492 pueri

129 2497 240 2530 nostri
257 2496 409 2541 gaudent
426 2499 505 2531 rufo
522 2499 589 2532 hoc
607 2499 724 2532 colore
735 2526 744 2540 ‚
763 2508 802 2532 ut

131 2557 166 2582 et
191 2549 318 2582 milites
329 2575 338 2591 ‚
365 2562 406 2583 ex
431 2550 595 2584 instituto
623 2553 802 2585 Laconum

132 2602 258 2647 quibus
277 2602 334 2636 hic
353 2603 449 2636 color
467 2603 504 2636 in
521 2604 613 2637 bello
628 2605 801 2649 placebat,

133 2667 177 2688 ne
198 2668 261 2700 per
281 2655 429 2688 vulnera
447 2655 593 2689 effluens
611 2657 748 2701 sanguis
767 2658 802 2690 in

135 2708 286 2741 vestibus
314 2709 455 2743 alterius
483 2710 607 2742 coloris
635 2710 803 2743 incuteret

851 1810 922 1843 suis
929 1817 1099 1843 terrorem
1107 1835 1117 1851 ,
1130 1809 1289 1844 hostibus
1301 1809 1444 1846 adderet
1454 1814 1526 1846 ani-

853 1875 959 1896 mum.
972 1863 1134 1909 Intellige
1148 1863 1281 1897 tunicas
1293 1876 1405 1898 russas
1415 1866 1528 1900 Canu-

852 1916 943 1950 sinas
954 1942 963 1958 ,
976 1929 1054 1962 quae
1066 1916 1172 1950 servis
1185 1925 1219 1950 et
1231 1917 1400 1952 militibus
1410 1919 1446 1952 in
1460 1932 1525 1953 usu

853 1969 950 2003 fuere
979 1980 988 2002 :
1019 1969 1073 2003 vel
1103 1978 1198 2003 certe
1225 1970 1371 2016 penulas
1402 1985 1525 2006 russas.

853 2022 946 2056 Hinc
981 2023 1140 2068 penulati
1161 2024 1270 2062 servi,
1300 2031 1366 2057 etc.
1399 2026 1431 2058 T
1429 2028 1528 2059 unicae

854 2089 965 2117 russce,
989 2085 1070 2109 sunt
1088 2078 1219 2120 φοινικιῖ
1234 2081 1377 2120 χιτῶνες.
1394 2079 1529 2113 Plutar-

855 2129 941 2163 chus
964 2129 1039 2162 illas
1059 2132 1214 2172 φοινικοῦς
1233 2127 1402 2170 ὓπαὸὑτας
1432 2131 1526 2166 dicit.

854 2181 1012 2216 Isidorus
1038 2190 1179 2215 russatus
1203 2191 1303 2217 vocat
1318 2195 1348 2216 :m
1364 2186 1527 2225 Russata,

856 2236 988 2280 inquit,
1022 2247 1126 2280 quam
1163 2236 1278 2269 Graeci
1312 2236 1528 2282 phoeniceam

857 2297 982 2321 vocant
994 2314 1004 2330 ,
1025 2301 1090 2322 nos
1108 2290 1304 2330 coccinum,
1321 2299 1459 2336 reperta
1479 2301 1528 2326 est

858 2354 875 2374 a
896 2340 1170 2375 Lacedaemoniis
1192 2340 1236 2374 ad
1261 2342 1448 2376 celandum
1473 2358 1532 2378 co·

859 2394 943 2428 loris
962 2393 1194 2427 similitudine
1211 2395 1430 2440 sanguinem,
1449 2410 1535 2442 quo-

860 2447 924 2480 ties
946 2447 1025 2492 quis
1044 2447 1080 2479 in
1102 2447 1174 2480 acie
1196 2448 1461 2490 vulneraretur,
1488 2463 1533 2484 ne

860 2500 1110 2545 contemplanti
1121 2498 1319 2533 adversario
1329 2501 1466 2535 animus
1478 2516 1534 2536 au-

860 2561 1026 2598 gesceret.
1045 2570 1058 2581 »2
1083 2554 1241 2585 Romana
1255 2564 1339 2597 ergo
1360 2554 1457 2598 plebs
1474 2556 1530 2589 fu-

862 2606 926 2639 scis
940 2605 1076 2651 penulis
1090 2605 1143 2637 vel
1156 2605 1300 2638 lacernis
1317 2605 1387 2639 ibat
1406 2607 1529 2642 induta

862 2659 966 2703 vulgo
984 2670 992 2691 :
1013 2657 1139 2690 milites
1159 2670 1241 2690 vero
1261 2666 1293 2691 et
1317 2658 1436 2694 famuli
1458 2663 1531 2695 lau-

863 2711 966 2744 tiores
978 2736 986 2751 ,
1003 2710 1118 2743 russis.
1135 2709 1268 2743 Salmas.
