2044 3292
548 241 638 286 180
911 244 971 285 M.
1001 245 1141 287 VAL.

1182 245 1571 290 MARTIALIS

1087 393 1399 450 XXXIX.

901 555 1153 584 LUCERNA
1192 556 1579 585 CUBICULARIA.

746 679 926 723 DuLcis
958 680 1132 723 conscia
1161 678 1306 724 lectuli
1337 678 1540 734 lucerna,

746 748 970 810 Quidquid
999 751 1065 793 vis
1091 749 1222 795 facias
1249 748 1366 804 licet,
1397 749 1564 794 tacebo.

745 887 897 939 Κοίτης
924 891 1068 950 λύχνος
1099 892 1176 951 ἐγὼ
1203 897 1293 941 τεῆς
1324 890 1518 950 συνίςωρ,

744 959 877 1002 Ποιεῖν
901 962 946 1013 ὅ,
966 978 1034 1003 ττι
1053 962 1147 1004 ποτ’
1170 958 1214 1004 ἂν
1237 961 1374 1021 θέλῃς,
1398 966 1550 1004 σιωπῶ.

590 1108 602 1129 1
614 1122 622 1130 .
636 1097 749 1129 Dulcis
765 1101 888 1131 conscia
899 1123 907 1139 ,
922 1106 986 1132 etc.
1006 1099 1207 1144 Aristopha-

534 1161 611 1191 nes,
627 1150 899 1185 concionantum
917 1151 1127 1185 feminarum
1141 1160 1206 1186 act.

534 1202 569 1243 1,
586 1214 677 1236 scen.
703 1216 734 1245 1,
753 1216 804 1237 vs.
830 1216 894 1246 12,
918 1205 986 1238 13:
1012 1222 1025 1235 u
1041 1206 1148 1244 Μόνος
1169 1203 1207 1239 δὲ

532 1259 639 1299 μηρῶν
654 1257 696 1293 εἰς
713 1256 909 1303 ἀποῤῥήτους
924 1259 1042 1302 μύχους
1058 1259 1208 1303 Λάμπεις

532 1307 660 1352 ἀφαύων
684 1309 726 1348 εἰς
751 1311 949 1344 ἐπανθοῦσαν
974 1312 1071 1356 τρίχα
1085 1336 1095 1352 ,
1119 1313 1207 1350 σιόας

534 1373 566 1393 rs
580 1386 589 1401 ‚
609 1374 638 1394 κ,
661 1375 690 1396 τ,
706 1366 735 1396 λ.

1266 1107 1301 1132 et
1326 1099 1398 1144 ipse
1418 1099 1544 1133 Noster
1567 1111 1574 1131 :
1604 1115 1617 1129 α
1642 1112 1697 1132 mo
1721 1098 1840 1133 ludere
1860 1107 1944 1133 teste

1267 1152 1425 1194 lucerna,
1445 1152 1489 1185 Et
1506 1154 1602 1197 juvat
1619 1151 1767 1186 admissa
1783 1164 1944 1197 rumpere

1268 1206 1345 1239 luce
1362 1206 1462 1239 latus.
1477 1222 1491 1235 ι»
1506 1205 1585 1239 Lib.
1602 1205 1654 1238 XI
1667 1231 1676 1247 ,
1689 1205 1799 1251 epigr.
1816 1217 1887 1246 mv,
1908 1204 1941 1239 5.

1269 1258 1502 1304 Exigiturque
1515 1258 1753 1292 testimonium
1769 1271 1786 1292 a
1805 1259 1942 1291 lucerna

1268 1319 1390 1345 contra
1421 1311 1676 1357 Megapenthen
1690 1337 1699 1352 7
1731 1311 1765 1345 in
1797 1311 1942 1344 Luciani

1270 1365 1442 1410 κατάπλῳ.

1171 1499 1302 1554 XL.

1092 1636 1379 1685 CANDELAf

671 1783 917 1825 ANclLLAM
944 1780 1018 1824 tibi
1045 1798 1136 1824 sors
1160 1780 1278 1824 dedit
1300 1779 1506 1835 lucernae,

669 1853 801 1895 'sutas
830 1868 925 1912 quse
954 1851 1054 1911 vigil
1086 1851 1216 1912 exigit
1240 1851 1454 1895 tenebras.

670 1995 826 2063 Λ3χνου
857 1994 917 2036 σοὶ
945 1994 1169 2052 θεραπαινὶς
1193 1993 1263 2041 ἧκε
1291 1996 1424 2054 κληρῳ

667 2066 827 2123 Ορφνης
857 2058 1099 2123 παννυχίδος
1122 2060 1252 2121 φ3λαξ
1281 2062 1493 2124 α’(ρυπνος.

581 2200 595 2213 “
609 2219 623 2231 ιι
638 2201 800 2235 Cicindela
821 2201 900 2234 Vat.
924 2199 1008 2234 Vid.
1027 2201 1122 2234 Serv.
1145 2214 1197 2247 ap.

527 2254 669 2289 Salmas.
689 2266 724 2299 p.
748 2253 834 2298 375.
851 2271 864 2284 ιι
892 2253 1014 2287 Beverl.

585 2320 598 2341 1
609 2335 616 2341 .
632 2308 772 2340 Lucerna
785 2305 864 2341 cod.
879 2307 917 2340 in
929 2319 1037 2353 marg.
1052 2306 1108 2340 cd.
1122 2307 1200 2340 Par.

533 2374 543 2394 ι
555 2364 575 2394 6
584 2373 597 2394 1
607 2373 626 2406 7
635 2386 642 2393 .
656 2361 828 2394 Lucernam
839 2359 913 2393 MS.
927 2360 1061 2393 Beverl.
1070 2381 1121 2386 -—
1133 2361 1201 2393 An-

526 2414 644 2448 cillam.
665 2414 826 2447 Lucerna
846 2413 1036 2447 utebantur
1056 2411 1201 2454 divites,

526 2466 668 2501 candela
693 2479 774 2500 vero
802 2478 992 2512 pauperes,
1014 2478 1117 2512 quam
1140 2479 1200 2499 an·

526 2520 640 2554 cillam
658 2520 808 2554 lucernae
826 2527 927 2553 vocat
944 2520 1052 2553 instar
1070 2531 1200 2565 paupe-

525 2573 661 2607 riorum
676 2574 882 2607 seminarum
897 2600 906 2615 ,
924 2585 999 2618 quae
1016 2571 1200 2606 ditioribus

527 2626 740 2661 mulierculis
762 2626 980 2660 ancillantur.

1318 2214 1349 2234 α.
1386 2201 1484 2233 Totas
1511 2199 1652 2233 Gruter.
1682 2213 1701 2233 e
1725 2200 1800 2233 MS.
1827 2208 1861 2233 et
1889 2199 1936 2233 sic

1261 2254 1365 2286 habet
1384 2252 1440 2286 ed.
1466 2253 1566 2286 Βανά.
1591 2261 1624 2286 et
1649 2253 1738 2286 alios
1760 2253 1805 2286 ita
1827 2252 1937 2298 legere

1262 2314 1380 2339 monet
1395 2305 1510 2340 editor
1523 2306 1649 2351 Delph.
1664 2326 1715 2332 —
1734 2306 1765 2339 Τ
1763 2313 1844 2339 utos.
1863 2305 1938 2339 Hoc

1261 2367 1312 2392 est
1329 2371 1338 2392 ε
1360 2359 1457 2393 Licet
1477 2360 1628 2393 lucernae
1649 2358 1772 2393 ancilla
1794 2359 1836 2392 sit
1857 2370 1936 2392 can·

1262 2411 1354 2453 dela,
1366 2420 1482 2446 tamen
1497 2411 1590 2446 idem
1604 2412 1666 2446 tibi
1681 2411 1838 2445 officium
1850 2423 1939 2456 prae-

1263 2474 1353 2500 stat:
1374 2464 1552 2499 modicum
1584 2466 1677 2499 enim
1710 2466 1827 2498 lucens
1856 2476 1938 2498 can-

1262 2518 1339 2552 dela
1356 2520 1514 2552 tenebras
1530 2519 1609 2553 satis
1628 2517 1810 2559 discutiet,
1824 2528 1937 2562 neque

1262 2572 1288 2605 si
1316 2584 1377 2617 per
1407 2579 1542 2605 noctem
1572 2572 1662 2606 viam
1691 2571 1810 2612 facias,
1834 2568 1936 2614 quid·

1263 2638 1365 2671 quam
1389 2624 1557 2658 offendes.
