2044 3292
525 199 621 246 226

903 202 966 244 M.
993 202 1073 244 VA
1087 202 1136 244 L.
1175 202 1562 246 MARTIALIS

1102 351 1347 409 CVIII.

938 506 1162 536 CALICES
1200 507 1516 536 SAGUNTINI.

592 636 707 690 QUAE
730 647 819 675 non
846 629 1054 674 sollicitus
1078 639 1224 674 teneat
1246 640 1476 691 servetque
1501 632 1717 685 minister,

661 704 795 746 Sume
817 702 1058 762 Saguntino
1085 700 1244 761 pocula
1270 701 1371 746 ficta
1400 700 1506 745 luto.

592 841 675 893 Οὓς
693 837 804 902 δμὼς
826 845 870 885 οὐ
892 843 1054 900 κρατέοι
1074 838 1341 902 περιταρὲἢς,
1361 842 1453 886 οὔτε
1473 846 1692 901 φυλάσσοι,

665 909 766 963 Δέξο
796 912 1035 974 Σαγοντείυυ
1061 913 1233 972 πλάσμα
1266 919 1418 972 τροχοῦ
1447 914 1620 962 κύλικας.

579 1048 610 1069 1.
634 1035 716 1080 Quae
739 1047 812 1067 non.
833 1032 1026 1080 Saguntum
1045 1034 1129 1068 urbs
1148 1042 1198 1068 est

521 1089 556 1121 in
591 1087 757 1133 Hispania
785 1087 1063 1128 Tarraconensi,
1091 1085 1198 1120 hodie

521 1141 712 1175 Moroteslm.
721 1142 773 1174 De
783 1140 918 1186 poculis
931 1139 1109 1183 fictilibus,
1121 1152 1199 1185 quae

522 1194 594 1227 illic
619 1194 761 1234 fierent,
781 1195 853 1238 jam
875 1191 1027 1226 diximus
1048 1193 1107 1226 lib.
1133 1193 1199 1233 IV,

522 1247 629 1292 epigr.
643 1259 744 1285 vax,
760 1258 772 1278 1
783 1246 801 1280 5
810 1272 817 1278 .
827 1246 937 1279 Erant
950 1254 1064 1280 autem
1079 1246 1136 1279 illa
1146 1245 1199 1278 vi·

1257 1033 1355 1067 lioris
1368 1034 1475 1080 pretii
1491 1027 1577 1079 (asse
1595 1033 1691 1067 enim
1710 1033 1808 1067 aiunt
1825 1033 1931 1079 vulgo

1257 1099 1386 1120 venum
1413 1085 1492 1120 data
1512 1085 1578 1128 ea),
1601 1095 1703 1133 atque
1729 1086 1775 1120 ita
1798 1098 1932 1123 servus,

1258 1139 1343 1173 dum
1369 1140 1442 1173 baec
1464 1138 1510 1174 ad
1533 1152 1688 1173 mensam
1709 1140 1815 1173 ferret
1835 1147 1892 1172 aut
1916 1151 1933 1171 a

1258 1205 1377 1227 mensa
1409 1200 1625 1239 reportaret,
1651 1205 1774 1238 parum
1803 1200 1933 1225 metue-

1258 1245 1319 1280 bat
1337 1258 1382 1279 ne
1406 1245 1661 1291 frangerentur.

1145 1380 1317 1438 CIX.

966 1532 1190 1561 CALICES
1229 1533 1496 1562 GEMMATI.

594 1644 877 1684 GEMMATUM
909 1639 1121 1700 Scythicis
1149 1648 1197 1683 ut
1222 1638 1364 1683 luceat
1387 1640 1558 1701 ignibus
1583 1655 1760 1691 aurum,

664 1712 819 1772 Aspice
845 1727 852 1753 :
877 1719 985 1770 quot
1009 1709 1168 1770 digitos
1190 1710 1308 1753 exuit
1329 1710 1408 1754 iste
1430 1707 1561 1754 calix!

597 1821 715 1894 ὄφρα
746 1827 954 1882 διαςίλὲοι
985 1830 1192 1880 Σκυθικαῒς
1219 1832 1413 1891 χρύσωμα
1439 1830 1606 1886 λίθοισι,

670 1898 848 1948 ΔάκτυΥ
877 1904 971 1961 ὁρᾷς
995 1900 1111 1950 οὗτος
1140 1901 1260 1943 πόσσ’
1288 1895 1464 1944 ἀπέδυσε
1492 1897 1619 1950 κύλιξ.

585 2052 614 2072 1.
653 2038 851 2073 Gemmatum
868 2067 876 2080 ,
919 2048 983 2073 etc.
1020 2039 1204 2085 Argenteis

530 2092 664 2138 poculis
674 2105 747 2125 uon
760 2105 917 2137 gemmae,
929 2091 988 2126 sed
1001 2105 1103 2125 aurea
1116 2092 1205 2125 inse-

530 2146 698 2178 rebantur
716 2147 921 2179 emblemata
937 2158 946 2187 3
969 2157 1045 2190 quae
1061 2154 1096 2178 et
1111 2145 1203 2190 clu-J·-

530 2199 657 2231 sendeca
670 2225 680 2238 ,
701 2206 735 2231 et
754 2199 977 2246 chr-fsocolleta
991 2224 1000 2238 ‚
1029 2206 1062 2231 et
1080 2198 1204 2242 chryso-

531 2252 622 2284 clista
642 2250 723 2284 inde
740 2251 958 2285 dicebantur.
982 2250 1038 2284 Sic
1060 2262 1205 2296 gemmae

533 2304 645 2337 aureis
679 2305 813 2348 poculis
826 2329 836 2344 ‚
875 2316 998 2337 aurum
1037 2303 1205 2349 argenteis

535 2356 797 2398 includebatur3
817 2357 1017 2404 crystallina
1037 2365 1151 2390 autem
1173 2364 1207 2389 et

534 2411 717 2455 myrrhina
737 2411 841 2443 nullis
861 2408 1055 2443 istiusmodi
1076 2409 1206 2442 emble-

533 2464 634 2496 matis
647 2475 795 2508 usquam
806 2463 1012 2503 incrustata,
1028 2475 1107 2507 quae
1121 2474 1208 2507 pura

534 2524 567 2548 et
587 2516 719 2549 sincera
742 2528 804 2562 per
822 2528 858 2549 se
879 2516 987 2561 magis
1011 2515 1204 2560 placebant.

533 2568 718 2603 Salmasius.
731 2591 782 2595 ---
797 2569 952 2614 Scythicis
967 2568 1103 2613 ignibus.
1117 2567 1208 2601 Sma-

531 2620 644 2665 ragdis
666 2634 791 2667 nempe
809 2621 854 2654 de
872 2622 997 2667 quibus
1016 2620 1148 2655 dictum
1162 2619 1207 2655 ad

1263 2041 1324 2074 lib.
1345 2041 1417 2082 IX,
1435 2040 1544 2086 epigr.
1565 2052 1629 2082 Lx,
1652 2052 1701 2073 vs.
1721 2052 1776 2085 17.
1794 2061 1844 2066 ——
1864 2042 1935 2073 Au-

1265 2107 1343 2126 rum.
1361 2094 1531 2127 Poculum
1548 2105 1706 2127 aureum.

1321 2160 1352 2179 2.
1369 2147 1457 2190 Quot
1470 2146 1586 2190 digitos
1596 2173 1605 2186 ,
1623 2154 1688 2179 etc.
1701 2146 1861 2191 Namque
1870 2147 1937 2179 Ro-

1263 2199 1375 2240 mani,
1387 2211 1585 2244 quanquam
1597 2198 1774 2232 immensis
1784 2207 1818 2232 et
1828 2211 1936 2244 prope

1265 2251 1477 2285 inexhaustis
1498 2250 1629 2284 divitiis
1646 2252 1781 2293 forent,
1796 2252 1934 2285 annulis

1266 2317 1408 2337 manum
1433 2305 1606 2338 exuebant
1626 2305 1752 2350 pocula
1768 2304 1936 2338 ornaturi.

1271 2375 1283 2387 ι
1293 2358 1344 2390 Eo
1359 2357 1525 2403 processit
1537 2358 1640 2390 luxus
1651 2384 1659 2398 ,
1671 2367 1711 2391 ut
1724 2357 1824 2390 multi
1843 2369 1937 2402 gem-

1266 2422 1338 2443 mas
1361 2409 1476 2455 digitis
1501 2409 1671 2443 detractas
1692 2410 1829 2456 poculis
1848 2411 1937 2443 inse·

1268 2471 1381 2497 rant.»
1404 2463 1493 2497 Plin.
1513 2463 1575 2496 lib.
1589 2464 1764 2496 XXXVII
1778 2488 1788 2504 ,
1804 2475 1879 2508 cap.
1902 2475 1935 2496 2.

1265 2515 1349 2549 Vid.
1362 2525 1527 2561 praeterea
1543 2515 1587 2549 de
1600 2516 1667 2549 hoc
1679 2516 1804 2549 Juven.
1824 2516 1936 2556 sat.V‚

1266 2581 1315 2601 vs.
1332 2570 1391 2609 43.
1402 2569 1510 2602 «Nam
1520 2569 1641 2609 Virro,
1656 2577 1695 2601 ut
1709 2569 1830 2610 multi,
1847 2580 1935 2614 geni·

1266 2634 1338 2655 mas
1350 2620 1394 2656 ad
1412 2622 1536 2667 pocula
1556 2621 1718 2655 transfert
1732 2622 1760 2654 A
1780 2620 1930 2666 digitis..
