1901 3259
320 218 908 262 EPIGRAMMATUM
947 218 1071 260 LIB.
1112 218 1229 260 XII.

1426 216 1481 263 15

685 369 856 424 XVI.

569 527 626 555 IN
666 525 981 555 LABIENUM.

276 653 508 706 ADDIXTI,
534 651 751 707 Labiene,
777 661 865 695 tres
891 650 1052 712 agellos
1075 668 1083 694 :

274 724 453 778 Emisti,
482 722 699 778 Labiene,
725 732 812 766 tres
838 722 1052 766 cinaedos:

275 793 485 846 Paedicas,
512 793 730 848 Labiene,
755 802 842 837 tres
873 791 1050 853 agellos.

123 945 151 963 1.
178 929 330 963 Addixti.
358 927 494 962 Eodem
523 929 595 962 fere
623 940 744 970 sensu,

803 928 850 962 do
875 929 1035 962 absumit.
1060 929 1163 963 Haud
1190 930 1376 972 absimilis,
1402 931 1483 966 licet

65 983 186 1018 lib.X‚
200 982 308 1028 epigr.
322 994 406 1015 xxxt
420 982 600 1015 invehitur
613 982 648 1015 in
663 994 743 1015 eum
802 980 929 1027 pudica
957 982 1065 1027 magis
1097 991 1130 1015 et
1152 983 1243 1016 circa
1264 996 1392 1017 mensae
1418 997 1481 1017 vo-

65 1036 126 1081 qui
155 1048 293 1069 servum
322 1034 550 1075 vendiderat,
582 1043 621 1068 ut
651 1035 744 1068 laute
803 1035 954 1080 luptates
966 1060 975 1076 ‚
988 1035 1109 1080 gallica
1122 1035 1196 1069 haec
1213 1037 1347 1070 locutio
1363 1049 1370 1069 :
1387 1037 1482 1071 ‚Man-

65 1100 138 1121 coen
143 1096 215 1122 aret
220 1115 227 1122 .

118 1141 151 1174 3.
162 1141 310 1175 Poedt'cas
323 1142 453 1186 agellos.
465 1141 556 1184 Quia
572 1140 744 1187 paedican-

800 1101 860 1132 ger
877 1101 924 1120 ses
942 1096 1054 1127 rentes,
1076 1101 1206 1133 manger
1221 1102 1266 1122 ses
1288 1098 1395 1131 terres,
1414 1103 1479 1136 pro

803 1141 959 1187 epulando
978 1141 1147 1175 absumere.
1160 1143 1226 1176 ΕΙ).

663 1284 889 1340 XVII.

532 1441 588 1469 IN
628 1439 936 1469 LENTINUM.
955 1419 972 1435 ⁴*

132 1568 302 1625 QUARE
335 1578 422 1612 tam
450 1566 598 1611 multis
625 1582 647 1610 a
673 1576 739 1618 te,
766 1568 974 1621 Lentine,
1001 1566 1153 1611 diebus

201 1640 303 1683 Non
332 1639 460 1682 abeat
484 1637 614 1682 febris
629 1673 639 1691 ,
665 1638 820 1698 quaeris
835 1671 846 1690 ,
872 1647 916 1681 et
940 1654 1077 1698 usque
1099 1639 1247 1699 gemis.

133 1711 341 1754 Gestatur
362 1719 506 1753 tecum
532 1710 718 1770 pariter,
750 1709 998 1769 pariterque
1029 1707 1200 1752 lavatur
1221 1726 1229 1750 ;

118 1848 134 1860 '‘
145 1850 184 1882 In
194 1849 349 1881 Loetinum
359 1847 498 1880 Thuan.
506 1847 647 1880 exhibet
658 1845 736 1880 cod.

116 1923 167 1928 —-
185 1902 378 1935 Insectatur
396 1901 518 1933 luxum
538 1899 619 1945 aegri
639 1908 672 1932 et
689 1900 738 1933 fe-

65 1954 259 1988 bricitantis
275 1953 437 1994 Lentini3
455 1953 514 1999 qui
531 1960 675 1998 questus
693 1951 738 1985 de

63 2006 233 2041 diuturna
249 2007 359 2047 febri,
378 2006 484 2039 febris
503 2018 657 2039 caussam
670 2031 678 2046 ,
699 2014 737 2040 ut

63 2069 144 2094 sunt
162 2061 242 2094 vina
261 2068 295 2094 et
313 2058 487 2105 cupediae,
505 2071 576 2092 non
598 2071 735 2092 amove-

62 2113 141 2155 hat;
160 2126 232 2147 non
248 2113 379 2146 mirum
396 2126 476 2158 ergo
488 2137 498 2154 ‚
517 2112 650 2145 febrem
667 2121 735 2146 tam

61 2166 155 2201 laute
182 2166 276 2212 apud
303 2166 494 2200 Lentinum
521 2164 736 2212 delicateque

60 2219 277 2253 habitantem
297 2232 370 2252 non
391 2217 580 2252 discedere.

120 2285 151 2307 1.
171 2274 292 2306 Loetine
311 2273 447 2306 Beverl.
464 2272 540 2305 MS.
556 2292 609 2298 --
627 2271 736 2317 Quare

64 2333 127 2359 tam
152 2327 275 2366 multis,
299 2334 363 2359 etc.
389 2326 511 2367 Quum
532 2324 637 2366 febris
662 2336 680 2357 a
702 2333 736 2359 te

62 2379 254 2425 excipiatur
267 2379 364 2412 molli
379 2379 568 2424 gestatione
579 2403 588 2419 ‚
600 2377 737 2412 balnea·

62 2444 143 2465 rum
157 2431 355 2474 blandjtiis‚
374 2432 587 2478 optimarum
604 2430 736 2477 dapum

63 2484 297 2530 vinorumque
317 2484 471 2527 deliciis,
494 2484 652 2518 omnium
674 2484 735 2518 de-

62 2538 191 2583 nique,
217 2550 295 2584 quae
319 2538 478 2572 humoris
503 2538 556 2571 sui
579 2538 737 2571 fomitem

63 2599 98 2624 et
109 2590 366 2625 nutrimentum
380 2591 485 2625 febris
501 2591 650 2637 appetit,
665 2591 739 2625 lau-

64 2643 137 2676 titia
163 2652 196 2677 et
223 2644 334 2684 luxu3
364 2644 555 2678 inhumana
585 2653 679 2678 certe
705 2652 739 2677 et

797 1846 926 1879 insulsa
946 1845 1059 1883 foret,
1080 1846 1109 1879 si
1129 1859 1146 1880 a
1169 1855 1237 1879 tam
1258 1846 1349 1880 felici
1366 1855 1399 1881 et
1416 1848 1476 1882 be-

796 1899 906 1945 nigno
927 1899 1068 1945 hospite
1094 1898 1137 1933 ad
1161 1912 1350 1945 pauperem
1372 1902 1474 1934 mise-

796 1961 947 1998 rumque
962 1951 1128 1986 deficeret
1141 1965 1178 1985 ac
1192 1952 1394 1987 discederet.
1408 1955 1473 1988 Le-

796 2004 997 2051 pidissimus
1047 2013 1098 2038 est
1143 2004 1301 2051 ejusdem
1343 2006 1473 2053 ingenii

795 2059 962 2104 apologus
991 2058 1034 2092 N.
1064 2058 1221 2092 Gerbelli
1246 2058 1290 2092 de
1317 2059 1473 2106 Podagra

796 2120 829 2145 et
845 2113 981 2146 Aranea
996 2138 1004 2153 ,
1021 2120 1055 2145 et
1077 2112 1184 2158 epigr.
1208 2111 1321 2146 Graec.
1341 2113 1402 2147 lib.
1417 2114 1453 2146 II
1464 2139 1473 2155 ‚

796 2178 872 2211 cap.
920 2164 964 2206 43
1007 2166 1210 2209 Μισόπτωχε
1252 2166 1327 2202 θεὰ,
1373 2168 1475 2209 μούνα

794 2219 934 2252 πλούτου
954 2215 1161 2263 δαμάτειρα,
1180 2226 1245 2251 etc.

852 2284 885 2306 2.
905 2271 981 2305 Non
999 2271 1092 2304 abeat
1099 2271 1219 2315 febris,
1238 2274 1362 2317 quaeris.
1383 2272 1472 2306 Scri·

794 2337 870 2359 ver.
890 2324 975 2370 legit
995 2328 1132 2371 quereris
1145 2325 1259 2368 fibris.

851 2377 885 2411 3.
901 2379 936 2412 Α
953 2386 982 2410 te
992 2385 1139 2423 gestatur·
1150 2379 1231 2412 Vat.
1248 2398 1301 2404 -
1319 2377 1473 2412 Gestatur·

797 2439 906 2471 tecum,
926 2439 991 2464 etc.
1010 2431 1095 2464 Hor.
1117 2429 1185 2464 Od.
1203 2431 1275 2472 ΙΙΙ,
1294 2443 1326 2472 ῐ,
1347 2436 1410 2472 40,
1426 2430 1470 2464 de

795 2484 903 2518 animi
929 2482 1136 2530 aegritudine
1153 2496 1160 2517 :
1177 2502 1190 2514 u
1211 2485 1291 2517 Post
1315 2484 1468 2530 equitem

796 2536 892 2571 sedet
904 2545 977 2571 atra
987 2550 1079 2571 cura.
1090 2538 1153 2570 »Et
1165 2537 1197 2570 N
1199 2546 1308 2570 ostras
1320 2538 1468 2571 Boileau:

797 2595 833 2620 Le
844 2594 948 2628 chagrin
961 2601 1048 2619 monte
1059 2604 1091 2619 en
1104 2604 1199 2628 cronpe
1207 2601 1245 2623 ‚et
1255 2594 1345 2628 galope
1356 2604 1416 2620 avec
1427 2595 1470 2620 lui.

798 2664 849 2670 —-
867 2643 1074 2684 Gestatur...‚
1092 2643 1228 2682 lavatur,
1250 2651 1361 2676 coenat.
1379 2643 1472 2677 Nota
