2044 3292
517 215 615 260 230

894 217 954 258 M.
979 218 1116 259 VAL.
1158 216 1548 258 MARTIALIS

1127 354 1323 411 CXV.

972 509 1211 538 CALICES
1260 509 1468 537 VITREI.

587 624 767 665 Asmms
795 621 1016 680 ingenium
1043 618 1130 663 Nili
1157 636 1164 662 :

1195 619 1352 679 quibus
1378 618 1538 662 addere
1562 618 1687 679 plura

660 693 777 734 Dum
804 691 946 751 cupit,
972 689 1052 745 ah,
1081 690 1248 750 quoties
1279 689 1467 750 perdidit
1496 699 1649 733 auctor
1675 687 1800 751 opus!

588 821 671 866 Τὴν
701 818 847 861 Νείλου
871 818 1009 876 σοφίην
1037 817 1178 877 ὁράας,
1203 815 1228 877 ἦ
1254 818 1418 860 πλείονα
1440 817 1620 877 προσθεὶς

658 889 843 947 Ποσσοίχ’
872 892 892 931 ὁ
919 887 1104 947 τεχνίτης
1133 889 1273 930 ὤλεσεν
1304 889 1415 948 ἔργον
1442 884 1527 930 ἑόν1

583 1023 612 1043 1.
644 1010 794 1055 Adspicis
819 1011 977 1054 ingenium
1005 1009 1100 1049 Nili,
1133 1017 1199 1042 etc.

524 1064 665 1096 Vitreos
691 1063 756 1096 hos
777 1062 900 1096 calices
926 1062 1030 1095 fuisse
1056 1061 1090 1094 in
1119 1061 1201 1106 qui-

526 1117 590 1149 bus
601 1115 743 1161 AEgypti
755 1116 932 1161 ingenium
946 1115 1202 1160 artificiumque

526 1169 778 1210 ostentabatur,
786 1168 900 1213 arguit
910 1169 1053 1201 lemma:
1062 1167 1123 1201 sed
1135 1179 1203 1213 qua

527 1222 563 1254 in
581 1233 620 1254 re
631 1222 852 1267 spectabatur
869 1234 922 1254 ars
939 1220 1074 1254 illa?an
1092 1220 1126 1253 in
1145 1233 1203 1254 co-

527 1275 644 1307 lorum
660 1274 852 1308 varietate?
873 1274 1031 1307 minime.
1055 1275 1095 1306 In
1114 1273 1204 1306 scul-

527 1336 631 1372 ptura
651 1327 760 1372 igitur
778 1336 813 1360 et
832 1328 866 1360 in
889 1328 1048 1360 caelatura
1070 1326 1204 1359 viseba-

530 1389 600 1421 tur;
613 1381 744 1414 vitrum
756 1380 849 1413 enim
860 1380 945 1413 olim
955 1380 1058 1413 etiam
1071 1379 1204 1424 argenti

532 1432 637 1466 inodo
645 1434 840 1466 caelabatur.
853 1433 942 1466 Plin.
954 1433 1112 1466 XXXVI
1122 1457 1131 1474 ,
1146 1445 1162 1464 2
1171 1434 1206 1474 6;

537 1504 548 1515 e«
566 1485 661 1520 aliud
681 1486 765 1519 flatu
781 1486 952 1531 figuratur
966 1512 975 1527 ‚
988 1484 1083 1519 aliud
1102 1493 1206 1518 torno

532 1540 677 1580 teritur,
700 1538 797 1572 aliud
819 1539 951 1584 argenti
975 1537 1082 1572 modo
1109 1539 1204 1571 caela-

533 1602 605 1633 tur,
633 1591 763 1626 Sidone
786 1591 963 1637 quondam
993 1591 1033 1624 iis
1055 1591 1206 1625 officinis

533 1645 643 1678 nobili
660 1663 689 1678 u.
712 1646 750 1678 In
771 1645 855 1679 ssatu
873 1644 1067 1690 figurandis
1089 1644 1205 1679 vitris,

535 1707 573 1731 ut
595 1711 691 1732 nunc
710 1698 818 1731 moris
839 1707 908 1739 est,
926 1707 960 1731 et
975 1697 1011 1730 in
1034 1706 1139 1731 torno
1158 1705 1206 1730 te—

535 1751 674 1792 rendis,
702 1759 742 1784 ut
769 1751 852 1783 olim
883 1751 988 1783 etiam
1025 1751 1208 1790 solebant,

537 1805 673 1837 nullum
693 1804 808 1850 operis
830 1804 1036 1850 periculum.
1058 1803 1145 1836 Nam
1175 1811 1208 1835 et

535 1858 669 1890 audaces
682 1884 690 1897 ,
711 1857 773 1903 qui
794 1857 921 1902 plebeii
943 1865 1042 1890 erant
1061 1856 1185 1890 calices
1200 1882 1208 1896 ,

537 1920 571 1943 et
599 1923 706 1956 parvo
737 1910 903 1942 venibant
920 1936 929 1951 ‚
954 1918 1056 1943 toruo
1079 1910 1209 1942 forina-

536 1965 664 1996 bantur
694 1975 701 1996 :
735 1963 818 1996 hinc
855 1972 1026 1995 toreumata
1058 1962 1209 1995 Martiali

536 2016 639 2050 dicta.
655 2018 697 2049 At
714 2016 748 2049 in
762 2015 964 2061 sculpendis
981 2014 1211 2060 caelandisque

535 2069 729 2115 periculum
752 2081 821 2101 non
840 2081 986 2113 parvum
1006 2081 1013 2101 :
1029 2081 1107 2101 nam
1123 2080 1212 2114 saepe

536 2124 627 2155 inter
671 2121 904 2166 sculpendum
951 2122 1210 2166 frangebantur.

536 2176 613 2208 Hoc
632 2183 702 2215 est,
721 2173 816 2220 quod
833 2174 880 2207 ait
897 2174 1088 2217 Martialisg
1108 2192 1120 2203 n
1137 2174 1212 2219 qui-

537 2229 601 2261 bus
628 2226 756 2260 addere
774 2227 874 2272 plura
899 2228 991 2260 Dum
1012 2227 1126 2272 cupit,
1146 2226 1209 2267 ali,

537 2281 673 2326 quoties
694 2279 848 2325 perdidit
868 2289 987 2313 auctor
1002 2280 1129 2324 opusln
1152 2279 1212 2312 At-

537 2346 604 2379 que
622 2333 659 2366 hi
676 2341 757 2367 sunt
773 2332 919 2366 omniuo
936 2333 1055 2366 calices
1069 2332 1127 2378 qui
1143 2332 1210 2364 dia-

540 2389 612 2419 treti
623 2385 843 2427 dicebantur3
854 2385 935 2418 vide
951 2398 1027 2431 quae
1044 2383 1134 2418 dicta
1149 2385 1208 2417 lib.

539 2441 633 2480 XII,
661 2439 769 2485 epigr.
794 2452 876 2480 Lxx,
897 2437 940 2472 ad
970 2439 1063 2471 illam
1092 2446 1210 2471 nolam

541 2493 683 2525 diulheca
700 2505 761 2525 seu
778 2492 932 2531 diatreta;
947 2501 980 2525 et
998 2492 1089 2525 conf.
1111 2491 1209 2524 aliam

543 2548 577 2578 in
602 2545 626 2577 l.
647 2546 746 2586 XIV,
761 2558 814 2590 cp.
839 2557 930 2578 xclv.
948 2545 1083 2577 Salmas.
1097 2565 1146 2570 —m
1168 2542 1212 2575 lli

540 2607 652 2631 autem
670 2598 770 2631 vitrei
792 2598 913 2631 calices
935 2597 1063 2631 diversi
1089 2596 1214 2630 coloris

540 2660 659 2691 crant;
684 2651 802 2695 itaque
820 2650 994 2685 Adrianus
1009 2651 1097 2695 Imp.
1117 2649 1211 2681 allas-

1259 1016 1362 1041 sontes
1374 1006 1462 1040 dixit
1478 1008 1514 1040 in
1532 1007 1632 1051 epist.
1651 1006 1694 1041 ad
1707 1007 1930 1041 Servianum:

1265 1078 1278 1091 «ι
1293 1061 1425 1094 Calices
1445 1060 1508 1093 tibi
1528 1060 1726 1093 allassontes
1745 1060 1932 1093 versicolo-

1260 1125 1316 1147 res
1333 1113 1446 1146 misi.»
1463 1112 1569 1154 Quod
1588 1113 1771 1145 allassontes
1791 1125 1874 1146 cave
1890 1125 1935 1146 nc

1261 1179 1340 1200 cum
1351 1166 1558 1212 quibusdam
1571 1166 1805 1199 accusativum
1816 1164 1937 1200 credas

1261 1220 1305 1253 ab
1325 1220 1448 1258 ἀλάζων
1462 1243 1472 1259 ,
1490 1219 1598 1251 audam
1611 1245 1620 1258 ‚
1645 1231 1800 1263 arrogans
1810 1232 1823 1258 ,·
1855 1230 1934 1251 nani

1264 1273 1387 1310 ἁλοίζων
1416 1271 1522 1305 habet
1543 1271 1579 1304 in
1601 1271 1743 1317 genitiv.
1769 1271 1936 1311 ἀλάζονος,

1263 1337 1344 1370 ergo
1360 1324 1395 1357 in
1409 1332 1558 1358 accusat.
1574 1325 1714 1363 ἀλάζονα
1723 1332 1757 1357 et
1767 1325 1937 1364 ἀλοίζονας,

1263 1377 1324 1410 sed
1345 1376 1450 1411 crede
1467 1377 1510 1410 ab
1535 1378 1688 1411 ἀλλάσσω
1709 1385 1768 1410 aut
1786 1377 1937 1411 &udum

1265 1425 1415 1474 (vertere)
1426 1429 1577 1463 derivari
1588 1442 1597 1471 ;
1609 1442 1724 1476 neque
1738 1442 1821 1476 ergo
1833 1442 1937 1463 sensu

1266 1482 1389 1517 eodem
1406 1483 1553 1529 accipias
1571 1495 1610 1517 ac
1634 1482 1938 1516 versicolores.Vide

1265 1536 1387 1581 Scalig.
1407 1536 1451 1569 ad
1469 1536 1629 1582 Propert.
1644 1536 1703 1570 lib.
1717 1536 1778 1568 IV.
1789 1534 1936 1577 -Quid

1266 1597 1382 1623 autem
1408 1589 1451 1622 sit
1483 1589 1540 1622 hic
1561 1590 1732 1622 versicolor
1752 1589 1849 1622 color
1867 1588 1936 1621 for-

1267 1651 1345 1675 tean
1366 1642 1535 1688 requiras.
1554 1640 1757 1675 Anneidem
1778 1654 1858 1675 cum
1878 1654 1937 1673 *ra-

1267 1698 1326 1735 rio,
1342 1698 1507 1740 variegato
1518 1700 1536 1727 :³
1549 1695 1602 1728 Ne
1621 1694 1654 1728 id
1675 1693 1809 1728 credito
1822 1709 1830 1734 ς
1845 1693 1938 1727 haud

1267 1748 1364 1782 irrita
1391 1748 1426 1781 in
1455 1748 1570 1781 verbis
1596 1748 1680 1794 ipsis
1709 1747 1755 1781 ita
1786 1747 1940 1780 occurrit

1268 1800 1500 1847 discrepantia
1517 1827 1524 1842 ,
1553 1801 1624 1834 sive
1657 1802 1810 1834 Romana
1826 1824 1835 1839 ‚
1869 1800 1940 1833 sive

1268 1853 1388 1888 Graeca
1403 1855 1518 1900 lingua
1533 1866 1615 1887 usus
1628 1854 1703 1887 eris.
1724 1853 1812 1886 Nam
1830 1853 1940 1886 Graeci

1268 1908 1398 1941 habent
1415 1909 1556 1941 ποίκιλον
1576 1916 1610 1940 et
1631 1907 1848 1947 ἀλλάττοντα,
1866 1917 1942 1951 quae

1269 1969 1302 1994 et
1321 1961 1391 2005 ipsa
1411 1959 1546 1994 diversa
1566 1968 1660 1993 sunt.
1676 1960 1786 1993 Porro
1808 1958 1940 1992 varium

1270 2014 1337 2046 hoc
1357 2022 1405 2046 est
1428 2012 1523 2058 quod
1539 2013 1642 2046 variis
1661 2020 1693 2045 et
1714 2011 1873 2057 plurimis
1890 2023 1943 2044 cov-

1269 2067 1402 2099 loribus
1419 2066 1494 2099 sine
1509 2065 1633 2098 ordine
1647 2073 1741 2098 certo
1752 2090 1760 2105 ‚
1775 2064 1850 2097 sine
1870 2064 1943 2109 lege

1270 2118 1474 2152 distinctum
1486 2127 1535 2151 est
1546 2131 1556 2160 3
1570 2117 1759 2151 versicolor
1771 2116 1866 2162 quod
1880 2117 1943 2150 hos

1271 2171 1399 2211 modo,
1422 2170 1528 2204 inodo
1550 2171 1644 2212 illos,
1666 2178 1774 2215 prout
1796 2169 1944 2203 vertitur

1271 2225 1321 2258 sol
1342 2223 1502 2270 radiique
1522 2222 1709 2263 decidunt,
1733 2222 1865 2256 colores
1891 2222 1941 2255 vi-

1270 2277 1384 2311 cissim
1396 2276 1524 2310 induit.
1537 2278 1581 2311 Et
1592 2285 1630 2310 ut
1643 2275 1824 2322 perspicue
1837 2275 1944 2320 magis

1269 2343 1342 2363 rein
1370 2330 1566 2375 ambiguam
1594 2328 1811 2370 indicemus,
1834 2330 1944 2361 varius

1270 2396 1320 2429 gr.
1347 2384 1509 2423 ποίκιλος,
1528 2382 1563 2416 id
1587 2382 1658 2415 fere
1679 2389 1729 2415 est
1756 2379 1853 2427 quod
1880 2393 1944 2413 nos

1270 2448 1433 2470 vocamus
1459 2436 1598 2475 mat-br&
1618 2435 1790 2468 versicolor
1809 2430 1944 2473 (ἀλλάτ-

1274 2487 1354 2529 των)
1369 2487 1403 2522 id
1423 2489 1495 2522 sere
1511 2487 1605 2534 quod
1625 2490 1731 2521 moire'.
1751 2488 1816 2519 En.

1329 2555 1359 2574 9,.
1383 2542 1517 2575 Pht-iens
1536 2554 1601 2587 pro
1619 2543 1736 2587 quoties
1756 2538 1835 2573 cod.
1861 2539 1941 2571 Rev,

1287 2595 1481 2627 Perdidit
1512 2604 1622 2627 auctor
1650 2607 1736 2639 opus.
1762 2591 1877 2636 Fregit
1907 2590 1943 2623 in

1276 2661 1349 2693 ΙΡΒΟ
1371 2660 1485 2693 oper?-
