1901 3259
350 201 937 247 EPIGRAMMATUM
973 205 1098 247 LIB.
1138 206 1274 250 XIV.

1413 207 1509 268 289

675 353 936 410 CCXX.

674 489 939 547 coQuus*

175 636 283 680 NON
313 635 414 678 satis
439 644 503 678 est
527 651 595 678 ars
621 633 711 677 sola
736 650 877 694 coquo
900 651 909 678 ε
933 636 1093 678 servire
1116 635 1308 696 palatum

244 703 380 760 Nolo;
403 720 568 765 coquus
596 703 759 747 domini
781 704 910 747 debet
934 704 1094 749 habere
1120 704 1277 766 gulam.

176 847 229 888 Αἱ
248 850 449 906 καρυκεῖαι
469 846 587 904 μόνον
614 848 657 888 οὐ
679 846 860 904 τέχνημα
882 845 1068 905 μαγείρου

245 916 370 958 Εἰσὶν·
396 910 640 962 δεσποτικὴν
663 914 728 957 καὶ
750 916 816 974 ὅγε
835 920 963 974 γεῦσιν
986 915 1082 974 ἔχοι.

154 1048 293 1098 ''Coqui
307 1052 391 1086 boni
410 1052 562 1086 officium
581 1063 652 1085 esse
669 1051 773 1094 dicit,

102 1118 176 1139 non
192 1114 326 1139 tantum
341 1113 381 1138 ut
394 1105 438 1138 sit
449 1104 678 1150 peritissimus
694 1104 775 1138 artis

103 1171 191 1200 suae,
226 1157 287 1192 sed
317 1157 443 1191 serviat
470 1157 574 1191 etiam
599 1157 775 1202 aptissime

104 1212 270 1257 tempori,
290 1218 324 1244 et
336 1209 468 1257 judicet
485 1210 641 1256 palatum
659 1209 775 1243 domi-

103 1264 141 1297 ni
160 1264 225 1298 sui.

159 1329 191 1350 1.
223 1316 299 1350 Non
318 1317 415 1356 satis,
441 1323 506 1349 etc.
545 1315 588 1348 In
626 1315 775 1360 antiquis

102 1368 186 1402 edit.
208 1369 390 1414 legebatur
406 1369 517 1413 palato
537 1380 602 1414 pro
616 1368 770 1413 palatum.

103 1420 210 1463 Quod
226 1434 336 1467 quum
354 1430 473 1467 aptum
493 1433 630 1454 sensum
647 1422 705 1454 vix
725 1421 773 1454 ef-

102 1475 238 1515 ficeret,
255 1474 441 1519 proposuit
458 1474 645 1507 Turnebus
661 1474 711 1507 sic
725 1473 774 1506 in-

103 1527 266 1572 terpungi
284 1534 319 1560 et
331 1526 420 1571 legi:
443 1526 544 1559 «Non
560 1526 641 1559 satis
655 1534 706 1560 est
720 1539 774 1562 ars

102 1580 174 1614 sola
183 1591 296 1625 coquo
307 1579 437 1612 servire
447 1579 576 1624 palato,
587 1580 701 1624 Atque
715 1591 774 1613 co-

102 1645 190 1678 quus
203 1631 339 1665 domini
354 1630 456 1665 debet
471 1632 599 1665 habere
613 1632 740 1677 gulam.
754 1650 767 1662 »

101 1686 180 1719 Lib.
195 1686 267 1725 IX,
280 1696 308 1718 e.
328 1689 386 1724 24.
403 1685 455 1717 Ita
472 1696 605 1730 coquus
618 1697 658 1717 ex
677 1685 773 1718 Posi-

103 1738 235 1783 dippo,
253 1737 320 1770 Καὶ
340 1736 383 1770 τὰ
411 1738 531 1782 στόμια.
552 1738 686 1782 γίνωσκε
710 1742 771 1771 τῶν

102 1791 315 1836 κεκλημένων.
332 1790 461 1823 Athen.
477 1790 538 1823 lib.
555 1790 606 1822 IX
617 1815 626 1831 ,
642 1802 718 1835 cap.
740 1790 771 1824 5.

103 1842 171 1876 Sed
184 1843 361 1888 inelegans
379 1843 525 1875 omnino
545 1850 595 1876 est
616 1841 772 1883 eiusdem

103 1896 196 1929 vocis
216 1896 252 1928 in
266 1894 415 1928 disticho
434 1895 590 1937 iterati03
605 1904 773 1939 praeterea

102 1950 211 1994 Atque
227 1947 433 1994 plumbeum
461 1956 521 1981 est.
551 1948 660 1981 Nobis
689 1960 772 1993 ergo

101 2000 243 2035 videtur
263 2012 345 2034 vera
366 2000 581 2046 optimorum
611 2000 773 2034 codicum

101 2054 272 2099 scriptura
294 2063 302 2086 ε
331 2054 433 2087 «Non
452 2053 532 2086 satis
555 2061 605 2086 est
628 2065 680 2086 ars
702 2054 773 2087 sola

101 2119 228 2152 coquo.
251 2105 388 2139 Servire
406 2106 564 2152 palatum
583 2106 694 2147 Nolo;
713 2119 772 2139 co-

103 2172 191 2204 quus
205 2158 340 2192 domini
354 2157 458 2192 debet
474 2159 602 2192 habere
617 2159 772 2204 gulamn;

103 2210 276 2257 quidquid
305 2219 477 2256 repugnet
497 2211 700 2245 Scriverius.
720 2233 772 2239 —-

103 2264 224 2298 Servire
229 2264 371 2308 palatum
379 2265 477 2304 Nolo,
487 2264 643 2305 est‚Volo
655 2264 771 2310 gulam

103 2329 175 2350 esse
188 2316 388 2361 ingenuam,
403 2324 443 2349 ut
456 2317 529 2361 ipse
538 2317 770 2362 loquiturlib.

104 2370 172 2410 VI;
185 2381 289 2414 quem
300 2369 416 2402 locum
425 2378 622 2414 opportune
635 2368 772 2403 addidit

103 2422 288 2455 Gruterus.
322 2421 411 2454 Nam
444 2422 567 2454 servile
595 2423 769 2467 palatum,

103 2474 289 2508 adsuetum
321 2473 399 2506 cibo
426 2473 562 2514 servili,
590 2474 770 2509 varietates

103 2539 265 2572 saporum
277 2526 365 2559 male
380 2525 572 2570 distinguit.
586 2547 637 2553 —
647 2527 771 2573 Coquus

103 2580 220 2613 domini
236 2578 324 2612 debet
343 2579 452 2611 habere
465 2579 572 2623 gulam
584 2605 592 2617 ,
612 2579 679 2612 hoc
694 2589 744 2613 est
759 2603 768 2619 ‚

175 2692 262 2733 III.

832 1052 931 1085 Licet
951 1051 1157 1086 conditione
1175 1054 1219 1088 sit
1232 1067 1369 1098 servus,
1394 1066 1508 1093 tamen

832 1105 911 1150 gula
930 1103 1035 1139 dehet
1052 1118 1124 1139 esse
1142 1106 1243 1149 liber,
1254 1116 1287 1141 et
1305 1108 1382 1142 talis
1399 1112 1510 1156 qualis

833 1165 884 1191 est
903 1158 956 1191 vel
973 1157 1108 1192 domini
1128 1161 1202 1204 ejus
1219 1160 1273 1193 vel
1291 1162 1409 1206 potius
1424 1176 1508 1197 con-

833 1210 999 1244 vivatoris
1026 1214 1286 1258 cujuscumque.
1313 1215 1451 1249 Etenim
1482 1217 1510 1250 si

833 1264 996 1297 convivas
1011 1264 1068 1298 ille
1085 1263 1256 1299 delectare
1272 1268 1364 1309 vult,
1380 1268 1452 1314 ipse
1465 1269 1511 1303 sit

835 1316 904 1350 oris
922 1315 1034 1362 sapidi
1050 1326 1082 1351 et
1098 1318 1248 1352 lautitias
1261 1319 1487 1367 intelligentis
1499 1348 1510 1364 ‚

834 1381 972 1402 necesse
991 1378 1052 1403 est.
1074 1369 1214 1405 Gronov.
1226 1391 1279 1398 —
1293 1373 1436 1418 Optime
1450 1375 1509 1409 hic

835 1421 1039 1456 Gronovius
1071 1424 1252 1464 versiculi,
1291 1425 1400 1460 immo
1433 1427 1507 1472 epi-

833 1476 1029 1519 grammatis
1043 1476 1149 1510 totius
1164 1489 1300 1510 sensum
1315 1479 1502 1523 explicuit,

833 1527 938 1561 modo
957 1533 1002 1573 τῷ
1015 1529 1159 1573 palatum
1177 1530 1323 1564 faveris:
1346 1540 1378 1565 at
1400 1533 1427 1566 si
1445 1546 1505 1577 pa-

833 1580 898 1612 lato
927 1581 1136 1623 servaveris,
1163 1582 1240 1627 quis
1267 1583 1333 1617 erit
1362 1585 1505 1619 sensus?

831 1645 916 1665 num
941 1632 1111 1667 absurdus
1133 1642 1235 1680 atque
1256 1635 1406 1671 insulsus
1425 1662 1435 1678 ,
1463 1646 1503 1672 ut

832 1685 936 1718 multi
970 1685 1217 1720 contendunt?
1250 1688 1329 1722 Non
1367 1690 1502 1731 fate0r;

833 1750 984 1783 namque
1012 1738 1060 1772 sic
1089 1739 1274 1784 intelligo:
1294 1741 1397 1775 Haud
1421 1742 1503 1776 satis

832 1799 882 1824 est
900 1791 1016 1836 palato
1043 1791 1233 1836 placuisse,
1255 1801 1290 1826 et
1317 1806 1355 1828 ea
1382 1796 1503 1830 convi-

832 1843 996 1877 vantibus
1023 1845 1221 1889 apposuisse
1254 1858 1330 1891 quae
1357 1859 1395 1880 re
1420 1860 1503 1882 vera

832 1895 964 1941 optima
979 1905 1077 1938 suut3
1097 1906 1130 1930 at
1152 1896 1366 1933 fastidiosam
1386 1901 1502 1946 gulam

832 1956 866 1981 et
885 1948 940 1981 vel
959 1948 1032 1982 haec
1054 1950 1109 1982 vel
1128 1949 1186 1983 illa
1201 1950 1276 1984 sine
1292 1952 1367 1997 lege
1386 1961 1479 1987 certa
1491 1979 1501 1994 ,

831 2009 865 2035 et
880 2001 960 2046 quia
975 2002 1029 2034 vel
1040 2014 1116 2035 rara
1130 2003 1185 2036 vel
1202 2015 1291 2036 nova
1308 2014 1388 2039 sunt
1400 2018 1505 2052 appe-

831 2061 962 2087 tentem
976 2080 985 2096 ,
1007 2054 1161 2088 titillasse
1183 2057 1417 2091 necessarium
1440 2067 1503 2093 est.

830 2106 942 2139 Porro
969 2105 1012 2140 ad
1035 2107 1110 2140 haec
1137 2120 1210 2141 non
1233 2118 1306 2144 arte
1333 2111 1446 2144 solum
1467 2120 1501 2145 et

830 2159 969 2192 solertia
997 2159 1131 2205 indiget
1161 2173 1315 2206 coquus,
1342 2163 1402 2196 sed
1434 2163 1502 2197 im-

829 2212 943 2257 probo
965 2211 1119 2258 quodam
1140 2222 1175 2247 et
1191 2215 1342 2248 versatili
1359 2216 1499 2261 iugenio

830 2277 899 2310 quo
914 2264 1000 2298 mire
1012 2265 1157 2299 callidus
1167 2265 1301 2300 divinet
1317 2267 1401 2313 quid
1417 2280 1501 2302 con-

828 2318 1028 2351 vivantibus
1039 2344 1047 2360 ,
1065 2318 1151 2364 quid
1169 2318 1290 2361 hodie,
1306 2319 1391 2365 quid
1407 2333 1501 2363 cras,

830 2371 884 2404 vel
902 2371 1035 2416 placeat
1051 2372 1104 2404 vel
1120 2372 1326 2418 placiturum
1348 2373 1401 2406 sit.
1417 2373 1499 2406 Haec

830 2423 988 2468 exsequi,
1008 2423 1089 2457 artis
1111 2433 1180 2465 est;
1201 2423 1374 2466 divinare,
1397 2426 1495 2470 gulae,

830 2476 987 2521 Utraque
1003 2475 1085 2509 dote
1099 2477 1229 2521 polleat
1247 2488 1390 2522 coquus.
1410 2478 1477 2510 ΕΒ.

885 2541 917 2560 2.
938 2529 1082 2574 Namque
1097 2528 1176 2562 edd.
1199 2537 1282 2561 vett.
1303 2542 1368 2573 pro
1390 2529 1498 2569 Nolo,-

830 2579 1500 2626 Turnebusquoque.Vid.praeced.not.

1201 2706 1259 2751 19
