2044 3292
465 198 561 254 264
838 201 900 242 M.
929 201 1069 244 VAL.
1110 201 1501 244 MARTIALIS

966 351 1367 409 CLXXVII.

814 507 1094 536 HERCULES
1144 487 1524 536 CORINT111115.*

531 635 701 677 Eunu:
728 633 924 693 geminos
945 632 1086 676 infans
1101 667 1113 688 ,
1134 649 1214 676 nec
1241 633 1417 692 respicit
1442 646 1617 691 angues.

602 705 697 747 Jam
729 712 902 764 poterat
926 712 1098 746 teneras
1120 701 1259 763 hydra
1285 703 1438 746 timere
1462 717 1630 745 manus.

531 840 672 886 Θλίῧει
695 845 800 902 ὄφεις
827 837 1020 901 διδύμους
1038 879 1049 899 ‚
1078 844 1163 885 οὔτ’
1190 837 1310 885 εἴσιδε
1337 844 1490 892 νήπιος·
1518 835 1598 887 ἤδη

604 914 686 957 Καὶ
712 909 885 964 παιδνὰς
911 902 1019 973 Ῠδρη
1050 907 1195 955 δείδιεν
1226 910 1271 954 ἂν
1301 911 1507 971 παλάμας.

518 1049 532 1064 *
552 1055 652 1088 Herc.
681 1054 757 1088 Cor.
791 1056 831 1087 In
859 1051 1055 1087 exhibendo
1076 1052 1143 1086 hoc
1204 1052 1339 1085 Plinius
1356 1052 1416 1085 lib.
1438 1051 1590 1091 XXXV,
1609 1062 1684 1095 cap.
1707 1063 1728 1094 9
1751 1061 1759 1083 :
1785 1049 1880 1083 «Ma-

464 1108 716 1153 epigrammate
756 1107 963 1152 neutiquam
1009 1105 1143 1139 dissen-
1205 1104 1353 1150 gnificus
1367 1112 1419 1138 est
1430 1103 1570 1149 Jupiter
1588 1104 1661 1147 ejus
1678 1103 1714 1135 in
1735 1102 1878 1144 throno,

466 1161 561 1194 tiunt
579 1173 685 1194 manu
705 1160 823 1205 scripti
843 1159 947 1193 codd.
970 1167 1027 1192 aut
1046 1159 1137 1192 libri.
1201 1157 1418 1192 adstantibus
1434 1156 1501 1190 diis
1516 1168 1523 1189 :
1540 1164 1574 1189 et
1585 1155 1752 1189 Hercules
1765 1155 1879 1188 infans

518 1214 734 1246 —Hercules
753 1212 947 1246 Corinthius.
971 1212 1047 1245 Hoc
1069 1220 1139 1251 est,
1201 1210 1367 1244 dracones
1416 1209 1633 1255 strangulans
1657 1234 1666 1249 ‚
1712 1208 1877 1241 Alcmena

467 1266 629 1300 Herculis
653 1274 765 1300 statua
796 1278 838 1298 ex
865 1278 932 1299 aere
953 1264 1141 1299 Corinthio
1202 1273 1311 1297 matre
1343 1275 1459 1296 coram
1481 1270 1631 1307 pavente
1665 1269 1700 1294 et
1732 1260 1878 1306 Amphi-

466 1320 554 1354 facta
568 1345 577 1360 ‚
598 1317 899 1365 quemadmodum
927 1319 1042 1351 infans
1070 1330 1140 1351 ser·
1204 1325 1340 1362 tryone.
1359 1334 1372 1345 ›-
1407 1314 1500 1348 Vide
1521 1314 1753 1348 Theocritum
1771 1312 1877 1358 Idyll.

464 1381 588 1418 pentes
617 1373 765 1406 eliserat.
792 1371 966 1406 Caeterum
987 1370 1030 1404 de
1053 1371 1140 1403 Her·
1202 1370 1257 1402 cui
1277 1370 1401 1403 titulus
1417 1362 1614 1414 ΙῖΙρόικΜσκος
1627 1392 1635 1404 ,
1657 1367 1724 1400 hoc
1741 1375 1808 1408 est,
1825 1366 1879 1399 in-

466 1426 543 1459 cule
574 1425 691 1471 picto,
721 1425 780 1470 qui
809 1437 919 1457 unum
941 1436 959 1456 e
981 1422 1142 1456 Zeuxidis
1203 1423 1277 1456 fans
1302 1423 1490 1464 Hercules,
1515 1429 1549 1454 et
1574 1422 1671 1465 cujus
1695 1418 1783 1452 illud
1812 1419 1879 1451 ini-

467 1478 739 1523 praeclarissimis
769 1477 934 1523 operibus
959 1477 1024 1510 fuit
1039 1502 1048 1518 ‚
1071 1489 1142 1509 non
1203 1475 1290 1508 tium
1310 1484 1385 1509 est:
1408 1469 1560 1520 Ηρακλέα
1581 1471 1762 1518 δεκάμηνον
1785 1473 1881 1505 ἐόντα.

469 1530 512 1564 de
528 1544 616 1565 aereo
629 1531 726 1576 signo
741 1531 801 1563 hic
816 1529 968 1564 Martiali
983 1527 1122 1563 laudato
1135 1554 1144 1569 ‚
1203 1533 1280 1572 πη]
1301 1529 1320 1560 ἁ
1342 1525 1503 1566 Μιὸεᾶτις
1528 1521 1692 1571 Ᾰ),κμτ’,να.

955 1666 1388 1724 CLXXVIII.

858 1823 1155 1852 HERCULES
1195 1800 1497 1850 nerins*

541 1938 644 1979 SUM
675 1931 837 1994 fragilis
861 1949 869 1974 :
894 1930 969 1975 sed
997 1940 1044 1973 tu
1060 1965 1071 1985 ‚
1098 1946 1277 1984 moneo,
1303 1945 1357 1971 ne
1381 1944 1538 1988 sperne
1563 1926 1762 1988 sigillum.

612 2006 714 2049 Non
746 2002 880 2064 pudet
903 2000 1084 2045 Alciden
1112 2016 1273 2043 nomen
1304 1999 1466 2042 habere
1491 2014 1650 2042 meum.

547 2145 684 2194 Γήϊνός
715 2143 806 2202 εἰμι·
837 2144 884 2184 σὺ
912 2136 949 2182 δ’
980 2143 1050 2183 οὐκ.
1075 2139 1227 2182 ἀθετεῖν
1260 2139 1389 2200 βραχὺ
1416 2132 1606 2181 δείκελον·
1632 2141 1674 2181 οὐ
1705 2136 1780 2198 γὰρ

618 2209 787 2256 Αἴδεται
810 2205 1008 2259 Ᾰλκείδτ,ς
1035 2211 1184 2269 οὕνομα
1206 2210 1354 2268 τούμὸν
1379 2209 1492 2267 ἔχων.

527 2351 539 2365 '
559 2355 682 2399 Neque
699 2352 755 2385 hic
777 2351 930 2384 variatur
948 2350 1020 2382 ullo
1042 2348 1145 2381 modo
1207 2350 1345 2380 materia:
1361 2361 1469 2379 nomen
1489 2350 1520 2379 in
1543 2348 1616 2379 urhe
1638 2350 1759 2380 retina.
1781 2347 1881 2380 Dice-

474 2408 595 2442 sivein
615 2405 824 2439 membranis
840 2428 850 2443 ‚
865 2404 936 2436 sive
955 2402 991 2435 in
1012 2401 1145 2435 excusis
1204 2402 1306 2434 hatur
1328 2401 1419 2433 enim
1440 2400 1608 2434 Hercules
1630 2399 1757 2433 fictilis.
1790 2400 1880 2433 Plin.

473 2461 584 2495 libris.
595 2458 800 2492 ——Hercules
809 2456 932 2502 fictilis.
945 2455 1036 2488 Plin.
1056 2455 1141 2487 Hist.
1205 2453 1354 2492 XXXV,
1375 2465 1404 2486 c.
1428 2466 1439 2486 1
1451 2467 1467 2486 2
1481 2465 1488 2486 :
1503 2470 1516 2482 α
1537 2453 1598 2486 Hae
1613 2453 1704 2485 enim
1717 2461 1790 2485 tum
1806 2452 1880 2486 effi-

475 2515 552 2547 Nat.
579 2514 640 2546 lib.
664 2511 815 2551 XXXV,
834 2522 909 2555 cap.
934 2521 946 2541 1
959 2521 975 2541 2
991 2521 998 2541 z
1020 2507 1075 2541 Ab
1091 2508 1146 2539 leoc
1207 2507 1278 2551 gies
1297 2505 1403 2539 deum
1424 2514 1521 2539 erant
1540 2504 1800 2546 laudatissimae;
1819 2517 1881 2538 nec

475 2568 592 2606 eodem,
604 2565 763 2598 Turanio
777 2563 1053 2608 nempe‚suctum
1067 2561 1148 2592 [Ier-
1208 2560 1350 2605 poenitet
1384 2572 1450 2592 nos
1473 2560 1614 2592 illorum
1639 2558 1698 2604 qui
1722 2558 1804 2591 tales
1822 2569 1880 2590 co-

475 2622 569 2653 culam
582 2647 590 2660 ‚
608 2618 749 2652 fictilem
769 2617 893 2662 supple
905 2642 913 2656 ‚
931 2617 983 2660 qui
999 2614 1148 2659 hodieque
1208 2613 1314 2646 lucre.
1337 2630 1348 2641 ιι
