2044 3292
538 247 546 274 ι
567 229 590 273 Γ)
599 234 624 285 A

906 235 965 276 M.
996 236 1072 277 ΨΑ
1089 237 1134 278 L.
1176 236 1222 278 Μ
1238 237 1269 279 Α
1284 237 1317 278 R
1333 238 1398 280 TI
1413 238 1445 279 Α
1459 238 1519 280 Ll
1536 237 1564 279 S

1143 387 1311 444 CXI.

1079 545 1382 575 FALERNUM.

594 668 664 710 DE
693 667 964 711 Sinuessanis
995 678 1209 713 venerunt
1238 670 1425 714 Massica
1456 669 1623 731 praelis3

667 737 855 781 Condita
882 755 969 798 quo
992 740 1147 799 quaeris
1169 739 1375 784 consule?
1395 740 1538 785 nullus
1564 751 1668 784 erat.

587 877 597 897 1
611 890 616 896 .
629 865 677 897 De
690 864 899 899 Sinuessanis.
915 865 1049 899 Plinius
1064 865 1126 901 lib.
1137 867 1203 908 ΙΙΙ,

528 929 601 962 rap.
623 917 640 951 5
656 929 663 950 :
678 934 691 947 0-
711 917 893 964 Oppidum
909 919 1071 952 Sinuessa
1088 928 1200 952 extre-

529 982 622 1003 mum
644 971 679 1003 in
701 970 836 1017 adjecto
855 973 956 1006 Latio
970 999 978 1015 ‚
1002 984 1103 1018 quam
1125 974 1202 1019 qui-

526 1022 606 1056 dam
637 1024 792 1070 Sinopen
814 1024 933 1059 dixere
967 1026 1197 1060 vocitatam.»

532 1075 625 1110 [dem
656 1078 809 1119 Plinius,
834 1079 894 1113 lib.
923 1079 1022 1120 XIV,
1054 1092 1129 1125 cap.
1159 1083 1201 1112 6:

533 1148 545 1160 ιι
574 1131 741 1165 Falernus
763 1144 844 1177 ager
862 1145 880 1165 a
896 1141 1004 1178 ponte
1020 1133 1202 1179 Campano

529 1184 611 1217 laeva
629 1185 828 1230 petentibus
845 1185 1015 1219 urbanam
1033 1186 1209 1219 coloniam

528 1237 704 1281 Syllanam
732 1251 845 1284 nuper
868 1239 996 1285 Capuae
1024 1240 1206 1273 contribu-

529 1299 597 1323 tam
618 1290 774 1337 incipit.»
794 1293 838 1325 At
854 1300 1019 1338 praeterea
1031 1319 1040 1335 ,
1052 1293 1113 1326 lib.
1131 1293 1201 1332 Ill,

528 1355 603 1389 cap.
625 1343 660 1385 5,
678 1345 841 1378 Massicos
860 1354 997 1379 montes
1016 1358 1034 1379 a
1051 1346 1205 1380 Falernis

528 1395 710 1442 distinguit
722 1410 750 1431 :-
762 1398 821 1432 His
832 1400 1032 1444 junguntur
1048 1399 1204 1441 Falerni,

529 1449 659 1485 Caleni.
682 1451 772 1485 Dein
801 1461 1018 1498 consurgunt
1039 1452 1176 1486 Massici
1196 1480 1204 1493 ‚

1264 867 1443 910 Gaurani,
1465 868 1734 913 Surrentinique
1754 876 1897 902 montes.
1922 886 1933 897 »

1265 920 1370 954 Poeta
1405 930 1517 955 tamen
1550 922 1672 954 vinum
1703 920 1890 954 Falernum
1923 933 1941 954 a

1264 974 1412 1007 Massico
1431 987 1503 1007 non
1524 973 1730 1019 distinguit,
1747 973 1842 1019 quod
1861 986 1943 1008 sane

1263 1036 1351 1060 esset
1373 1039 1469 1072 aeque
1485 1040 1709 1073 generosum·

1319 1093 1352 1112 ¹2.
1376 1080 1492 1113 Nullus
1520 1088 1598 1113 erat.
1628 1079 1684 1114 Sic
1714 1079 1944 1126 hyperbolice

1263 1133 1382 1166 innuit
1400 1133 1507 1167 Poeta
1528 1134 1758 1168 vetustissima
1778 1145 1850 1167 esse
1870 1133 1944 1166 haec

1263 1187 1342 1220 vina
1369 1186 1523 1221 Massica.
1546 1186 1661 1220 Simili
1695 1187 1766 1220 fere
1795 1185 1943 1220 artificio

1265 1248 1425 1273 extremae
1463 1240 1654 1274 senectutis
1693 1239 1854 1273 Lesbiam
1894 1251 1944 1272 ar-

1265 1301 1407 1338 guerat,
1438 1293 1492 1326 his
1526 1293 1664 1327 verbis:
1686 1310 1699 1322 «
1728 1292 1883 1326 Consule
1910 1300 1944 1325 te

1266 1347 1375 1379 Bruto
1397 1345 1480 1392 quid
1496 1348 1610 1391 juras,
1632 1346 1754 1379 Lesbia
1769 1371 1778 1387 ,
1798 1354 1916 1378 natam
1931 1345 1945 1377 Ρ

1265 1399 1426 1433 Mentiris
1444 1425 1453 1441 ‚
1483 1408 1562 1433 nata
1595 1412 1652 1439 es,
1688 1399 1834 1439 Lesbia,
1865 1411 1945 1443 rege

1266 1452 1393 1486 Numa.
1416 1470 1427 1481 n
1447 1453 1526 1486 Lib.
1550 1453 1593 1494 X,
1614 1453 1721 1498 epigr.
1742 1453 1860 1486 xxxlx.
1876 1451 1943 1484 Eu.

1138 1590 1332 1646 CXII.

1101 1748 1368 1777 SETINUM.

601 1857 822 1900 PENDULA
846 1857 1099 1916 Pomptinos
1120 1872 1215 1916 quae
1238 1865 1405 1917 spectat
1427 1856 1545 1899 Setia
1564 1870 1742 1914 campos
1762 1889 1771 1909 ,

677 1927 837 1987 Exigua
869 1926 1035 1971 vetulos
1062 1927 1176 1970 misit
1202 1926 1257 1970 ab
1284 1926 1391 1970 urbe
1418 1925 1561 1970 cados.

603 2056 755 2110 Σητια,
776 2056 798 2102 ἢ
828 2055 978 2115 καθορᾷ
1007 2057 1196 2115 Πομτῖνα
1221 2071 1415 2115 μετῃορος
1440 2044 1589 2108 ἄλσεαΙ,

672 2117 734 2168 Ex
760 2126 908 2177 τυτθῆς
934 2127 1086 2176 πόλεως
1112 2124 1246 2185 πέμψε
1270 2127 1440 2187 γέροντα
1466 2119 1606 2167 κάδον.

592 2263 622 2283 1.
645 2249 791 2282 Pendula
809 2249 1003 2293 Pomptinos.
1026 2248 1083 2281 Sic
1103 2247 1210 2281 habet

534 2301 644 2336 codex
680 2303 716 2336 in
750 2302 857 2347 marg.
886 2300 941 2335 ed.
966 2301 1073 2335 Paris.
1103 2302 1208 2345 1617.

537 2357 690 2397 Pontinos
725 2354 805 2389 edd.
837 2363 920 2388 vett.
956 2355 1120 2387 Pomtinos
1154 2353 1209 2388 ed.

533 2409 687 2443 Farnab.
706 2408 880 2453 Pompilios
899 2406 1008 2442 codex
1028 2407 1103 2440 MS.
1127 2407 1207 2440 Bev.

540 2465 556 2493 Ῑ
567 2464 643 2496 inea
654 2476 718 2508 pro
732 2462 818 2496 Setia
833 2461 926 2495 idem
936 2460 1212 2495 codex.—-P0u-

537 2517 612 2548 ‹lula
649 2516 748 2549 Setia.
777 2515 869 2549 Setia
903 2513 1111 2561 oppidulum
1146 2514 1211 2547 suit

537 2570 735 2614 Campania:
760 2569 795 2602 in
817 2567 921 2601 editis
940 2568 1024 2601 locis
1043 2567 1117 2600 sita.
1134 2568 1208 2600 Lib.

537 2622 580 2663 X,
595 2635 651 2667 ep.
664 2634 869 2663 1.xx1v‚10:u
890 2621 961 2655 Nee
975 2633 1051 2667 quae
1067 2620 1211 2666 paludes

538 2674 682 2709 delicata
710 2675 911 2721 Pomptinas
945 2675 997 2708 Ex
1028 2686 1104 2708 arce
1132 2673 1211 2707 clivi

1268 2254 1401 2292 spectat
1419 2258 1485 2279 uva
1508 2246 1618 2279 Setini
1636 2263 1666 2278 n.
1683 2244 1867 2290 Optimum
1888 2257 1949 2277 au-

1270 2308 1341 2334 tem
1372 2300 1493 2333 vinum
1517 2299 1552 2332 in
1582 2299 1647 2332 hac
1679 2298 1771 2331 nasci
1791 2299 1862 2343 jam
1895 2295 1949 2330 di-

1271 2362 1365 2387 ctum
1381 2353 1459 2386 fuit.
1475 2351 1608 2386 Plinius
1624 2351 1685 2386 lib.
1702 2351 1799 2390 XIV,
1817 2362 1892 2396 cap.
1907 2352 1947 2383 6:

1276 2424 1289 2436 α
1311 2406 1421 2439 Divus
1441 2409 1617 2451 Augustus
1636 2404 1794 2438 Setinum
1821 2411 1949 2449 praetu·

1273 2460 1312 2493 lit
1331 2459 1492 2493 cunctis:
1518 2459 1671 2492 nascitur
1699 2470 1804 2502 snpra
1834 2457 1950 2489 forum

1274 2513 1390 2558 Appii.
1407 2531 1419 2541 »ι
1444 2512 1576 2545 Pariter
1597 2511 1788 2544 Athenaeus
1814 2509 1949 2554 Dipno-
1967 2505 1977 2513 x

1273 2566 1416 2611 sopliist.
1445 2566 1502 2598 lili.
1529 2566 1564 2603 Ι,
1583 2577 1657 2609 cap.
1684 2568 1727 2603 211
1747 2559 1839 2596 τὸδὲ
1859 2564 1950 2597 Σητῖ-

1272 2633 1321 2658 νος
1344 2625 1403 2653 τὼν
1424 2619 1557 2663 πρῶτον]
1579 2618 1662 2651 ἐστὶν
1683 2617 1791 2657 οἴνων,
1811 2616 1946 2660 ἐμφερὴς

1274 2687 1317 2718 τῳ
1336 2674 1503 2716 ψαλέρνῳ,
1521 2673 1552 2704 οὐ
1572 2670 1757 2708 πληκτικός,
