2044 3292
523 265 584 294 00

900 246 960 289 Μ.
987 247 1126 289 VAL.
1166 244 1556 288 MARTIALIS

728 335 796 377 Ne
826 335 911 377 sint
935 334 1051 377 basia
1077 342 1218 389 muta,
1250 349 1328 376 nec
1353 330 1540 392 maligna
1557 367 1567 385 ‚

731 406 823 448 Nec
847 403 974 448 clusis
1000 403 1163 447 aditum
1190 413 1318 463 neget
1340 401 1514 446 labellis.

732 477 934 518 Humane
959 473 1062 517 facit.
1084 474 1167 517 hoc
1194 482 1338 516 tamen
1364 490 1373 515 ε
1395 472 1470 516 sed
1492 487 1627 515 unum
1652 480 1738 524 θεῖς

734 546 881 589 Gratis
906 560 1000 604 quae
1026 544 1128 586 dare
1154 543 1319 587 basium
1347 552 1542 596 recusat,

732 616 880 658 Gratis
907 613 1069 674 lingere
1092 630 1170 656 nec
1193 622 1363 656 recusat
1384 611 1520 672 AEgle.

527 734 601 766 vios
623 739 770 764 monetae
798 741 898 762 novae
923 737 955 761 et
987 740 1126 774 asperae.
1150 750 1199 754 -—

530 786 634 820 Muta.
651 782 917 828 Aliquantulum
943 789 1069 814 sonent
1092 790 1125 814 et
1143 793 1200 814 au-

527 838 679 872 diantur.
700 835 909 869 Theocritus
924 860 934 875 ‚
952 833 1059 880 Idyll.
1079 834 1115 866 II
1130 833 1200 866 ικαὶ

527 891 736 936 ἐψιθυρίζομεν
760 888 867 933 ἄμφω.
886 888 955 920 ED.
972 909 1023 913 —
1039 887 1201 931 Maligna.

527 942 643 985 Quid,
667 942 812 981 amabo,
830 941 925 974 basia
951 952 1012 972 non
1034 941 1203 984 malz'gna?

528 997 629 1030 illane
666 994 877 1028 intellexeris
917 1005 995 1038 quae
1037 1002 1070 1026 et
1112 994 1203 1025 Ana-

528 1048 712 1083 creonticis
732 1041 812 1091 (od.
831 1044 925 1086 x111)
944 1054 978 1079 et
1000 1045 1204 1080 Catullianis

529 1101 769 1136 numerosiora
792 1117 806 1130 ιι
824 1099 1045 1144 congerimus
1076 1110 1204 1144 prope·

528 1163 622 1196 rata,
640 1154 713 1187 sine
731 1151 857 1186 ordine
871 1179 879 1191 ,
903 1151 1031 1197 raptim
1046 1169 1058 1181 ι.
1075 1149 1205 1191 (Ovid.

529 1206 673 1242 Heroid.
694 1207 819 1239 XVIII
831 1231 840 1245 ‚
859 1218 873 1238 1
886 1203 945 1245 13)
958 1230 967 1245 ‚
979 1217 1021 1237 an
1038 1204 1095 1237 illa
1111 1216 1206 1249 quae,

530 1270 570 1295 ut
613 1258 770 1305 sequenti
813 1257 962 1302 explicat
1003 1257 1174 1290 versiculo
1198 1282 1205 1297 ‚

535 1332 548 1344 «
568 1313 672 1347 clusis
694 1324 766 1345 non
796 1310 928 1343 aditum
950 1317 1079 1354 negent
1099 1309 1206 1342 label-

533 1367 573 1400 lis
593 1384 606 1396 »
625 1365 640 1398 ‘1‘
661 1378 741 1398 nam
771 1364 923 1408 maligna
945 1371 1014 1404 est,
1044 1375 1120 1408 quae
1147 1374 1207 1396 cu-

535 1419 617 1466 pido
634 1418 761 1452 amanti
781 1416 865 1450 dum
885 1416 964 1458 dat,
985 1424 1086 1460 negat
1102 1424 1136 1448 et
1154 1415 1208 1449 sui

534 1474 702 1518 impotem
714 1470 761 1504 sic
773 1470 844 1503 urit
857 1478 890 1503 et
901 1477 1050 1514 torquet.
1067 1469 1211 1502 Utrum-

534 1539 600 1572 que
619 1538 683 1571 ego
702 1524 761 1557 hic
778 1523 880 1556 innui
903 1521 1132 1563 crediderim;
1149 1520 1209 1555 sed

534 1580 631 1625 prius
659 1578 790 1622 magis,
823 1589 867 1609 ne
897 1576 940 1608 sit
961 1576 1007 1608 ob
1036 1575 1210 1619 sequentis

1261 727 1422 761 versiculi
1457 738 1594 759 sensum
1620 726 1758 760 iteratio
1785 734 1819 760 et
1839 731 1934 760 πλεο-

1261 781 1396 825 νασμός.
1417 779 1484 813 ED.

1317 846 1351 877 9.
1370 833 1476 866 Multa
1495 831 1569 865 aliis
1590 830 1814 865 adscribitur.

1322 898 1377 919 ῐο.
1395 886 1446 919 Ne
1465 886 1557 918 clusis
1577 884 1700 930 legunt
1720 884 1790 918 alii.
1802 904 1855 910 —
1871 885 1937 919 Ne-

1261 947 1325 984 get.
1351 939 1477 973 Melius
1498 938 1634 971 fortean
1654 945 1777 983 negent.
1797 957 1848 963 --
1871 937 1939 971 Nec

1263 993 1355 1025 clusis
1368 1019 1376 1032 ‚
1410 999 1474 1025 etc.
1504 990 1560 1024 Sic
1591 991 1761 1036 Apuleius
1795 990 1830 1023 in
1871 990 1941 1024 fra-

1263 1054 1403 1091 gmento
1425 1044 1595 1084 iambico,
1618 1043 1841 1089 supposititio
1867 1044 1939 1076 for·

1264 1110 1342 1137 san,
1366 1096 1464 1143 quod
1477 1096 1520 1130 ad
1539 1096 1632 1130 illius
1646 1108 1795 1142 operum
1811 1096 1940 1130 calcem

1266 1151 1370 1196 vulgo
1389 1149 1524 1184 editur:
1543 1167 1556 1179 κ
1571 1149 1642 1182 Olli
1661 1161 1837 1196 purpurea
1855 1148 1941 1182 deli-

1265 1205 1387 1237 bantes
1404 1202 1519 1236 oscula
1528 1202 1701 1236 Clementi
1712 1215 1832 1236 morsu
1845 1214 1942 1235 rosea

1265 1257 1390 1290 labella
1404 1255 1566 1290 vellicent
1577 1280 1587 1297 ‚
1605 1254 1801 1289 candentes
1822 1253 1942 1288 dentes

1267 1309 1424 1355 effigient
1443 1308 1576 1342 suavio.
1595 1324 1607 1336 n
1628 1308 1693 1341 En.

1327 1375 1382 1395 11.
1404 1362 1551 1395 Humane
1566 1361 1669 1404 facit,
1697 1369 1762 1394 etc.
1784 1362 1836 1394 An
1862 1360 1943 1406 quia

1269 1427 1343 1448 osse
1363 1423 1397 1447 et
1411 1415 1517 1448 ebore
1532 1413 1693 1447 dentata?
1704 1414 1764 1447 lib.
1780 1415 1798 1446 I
1810 1437 1820 1453 ‚
1833 1414 1942 1459 epigr.

1271 1480 1398 1501 Lxx111.
1427 1469 1483 1500 An
1511 1467 1593 1513 quia
1617 1479 1678 1501 ore
1707 1467 1870 1513 impura,
1888 1475 1943 1499 ut-

1269 1529 1352 1566 pote
1377 1519 1548 1566 μύζουριςὲ
1572 1520 1632 1553 lib.
1663 1521 1697 1561 Ι,
1726 1519 1834 1566 epigr.
1865 1532 1942 1556 xcv,

1271 1582 1303 1607 et
1321 1573 1383 1606 lib.
1404 1574 1458 1614 II,
1480 1574 1590 1619 epigr.
1611 1586 1665 1606 xv.

1163 1708 1316 1763 LVI.

969 1849 1021 1877 IN
1061 1825 1523 1876 POLYCHARMIJM.*

609 1955 843 1998 AEGROTAS
868 1967 956 1993 uno
981 1949 1122 1993 decies
1142 1984 1153 2002 ‚
1179 1959 1254 1992 aut
1279 1949 1454 2009 saepius,
1481 1965 1615 2002 anno3

679 2025 772 2067 Nec
797 2022 899 2075 tibi,
922 2020 996 2064 sed
1022 2019 1146 2063 nobis
1176 2018 1281 2073 hoc,
1312 2018 1623 2079 Polycharme‚
1648 2028 1791 2062 nocet.

610 2095 720 2138 Nam
752 2092 920 2152 quoties
951 2091 1112 2150 surgis,
1143 2090 1299 2133 soteria
1325 2090 1465 2150 poscis
1492 2091 1666 2133 amicos.

593 2195 607 2210 '¹
622 2195 928 2240 Quemadmodum
941 2207 1045 2240 supra
1057 2191 1142 2233 (vid.
1153 2193 1213 2227 lib.

542 2254 649 2294 VIII,
671 2252 779 2297 epigr.
807 2242 915 2292 inv]
938 2246 1107 2294 quosdam
1128 2245 1218 2279 dixit

542 2307 664 2352 saepius
688 2305 724 2337 in
749 2315 842 2336 anno
865 2301 959 2335 nasci
974 2327 983 2343 ,
1007 2308 1040 2334 et
1067 2299 1217 2333 natalem

544 2360 719 2393 celebrare
737 2382 745 2397 ‚
773 2355 827 2388 uti
857 2363 1040 2400 poscerent
1072 2365 1218 2387 munera

543 2411 698 2446 natalitia
713 2423 721 2452 ;
741 2410 787 2442 ita
806 2407 1082 2453 Polycharmum
1098 2406 1145 2439 ait
1162 2418 1219 2439 sae-

545 2466 622 2512 pius
643 2464 774 2508 fingere
799 2461 962 2494 morbum
977 2486 986 2501 ‚
1008 2467 1047 2493 ut
1067 2459 1219 2505 postulet

542 2519 585 2552 ab
607 2516 726 2551 amicis
745 2515 791 2548 ob
806 2513 925 2548 salutis
948 2512 1215 2557 redintegratio-

544 2583 625 2604 nem
644 2569 798 2614 σωτήρια.

602 2637 635 2656 ῐ.
654 2623 813 2666 AEgrotas
834 2632 895 2652 uno
917 2618 1015 2651 decies
1029 2645 1036 2657 ,
1058 2625 1123 2651 etc.
1142 2617 1217 2649 Hoc

545 2684 610 2715 est,
627 2682 851 2719 aegrotantem
869 2681 903 2706 te
918 2671 1094 2705 multoties
1111 2670 1217 2703 simu-

1275 2193 1344 2234 las,
1366 2201 1399 2227 et
1427 2194 1518 2227 lecto
1547 2194 1691 2227 affixum
1720 2202 1753 2228 te
1780 2196 1948 2241 quereris·

1332 2259 1363 2279 2.
1382 2247 1449 2280 Nec
1471 2247 1545 2287 tibi,
1571 2247 1628 2279 secl
1643 2247 1750 2287 nobis,
1772 2256 1837 2282 etc.
1859 2248 1949 2282 Con-

1277 2299 1461 2333 valescenti
1477 2300 1665 2333 mittebant
1686 2300 1787 2334 amici
1809 2313 1877 2347 pro
1895 2314 1946 2334 sa-

1277 2353 1349 2386 lute
1369 2361 1508 2398 recepta
1529 2365 1676 2386 munera
1688 2379 1697 2394 ‚
1715 2366 1791 2399 quae
1808 2354 1949 2398 σωτήρια

1277 2407 1459 2440 vocabant.
1479 2405 1585 2439 Unde
1603 2407 1747 2440 morbus
1766 2406 1867 2440 fictus
1882 2407 1949 2440 Po-

1277 2458 1460 2505 lycharmo
1480 2471 1550 2491 non
1572 2459 1736 2501 nocebat,
1757 2460 1817 2506 qui
1835 2471 1950 2505 neque

1279 2512 1353 2544 ullo
1379 2511 1558 2544 laborabat
1590 2511 1712 2545 dolore
1742 2521 1775 2546 et
1799 2521 1950 2558 quaestus

1275 2564 1423 2597 multum
1440 2564 1662 2598 simulatione
1679 2565 1838 2611 improba
1852 2565 1949 2598 colli·

1275 2617 1399 2662 gebat,
1416 2615 1475 2650 sed
1492 2618 1566 2663 ejus
1581 2617 1699 2651 amicis
1715 2631 1734 2652 a
1751 2618 1877 2663 quibus
1893 2630 1951 2663 pe-

1279 2670 1373 2703 tebat
1390 2671 1526 2704 soteria.
