1901 3259
337 181 914 225 EPIGRAMMATUM
953 183 1074 226 LIB.
1115 185 1228 227 XII.
1423 188 1476 232 81

683 330 884 388 XCII.

574 494 626 521 IN
677 493 997 522 MAGULLAM.

297 631 556 674 COMMUNIS
582 628 657 671 tibi
688 645 787 672 cum
816 629 933 678 viro,
964 628 1183 689 Magulla,

295 700 444 756 Quum
470 699 524 742 sit.
544 697 726 743 lectulus
745 734 756 754 7
782 708 824 742 et
852 700 905 743 sit
929 698 1142 756 exoletus,

295 770 442 826 Quare
468 768 535 812 dic
558 768 663 811 mihi
691 785 779 812 non
809 770 863 812 sit
891 779 934 812 et
964 769 1187 814 minister?

295 840 493 899 Suspiras
519 857 527 880 :
555 839 664 881 ratio
690 847 779 892 est,
806 840 931 883 times
960 839 1170 900 lagenam.

140 984 174 1004 2.
192 970 243 1004 Sit
270 970 419 1003 exoletus.
453 969 528 1002 Hoc
556 977 624 1009 est,
647 979 755 1013 quum

85 1022 207 1056 eodem
241 1022 438 1056 concubino
472 1029 511 1054 tu
546 1021 653 1054 utaris
684 1033 754 1066 quo

84 1075 251 1116 maritus,
282 1084 383 1121 atque
413 1073 573 1107 eumdem
610 1082 755 1119 uterque

86 1129 220 1161 ametis.

138 1181 172 1214 3.
191 1181 299 1225 Quare
317 1193 379 1212 non
399 1182 440 1212 sit
460 1188 490 1212 et
511 1181 660 1212 minister.
684 1179 755 1212 Cur

816 981 890 1002 non
916 977 950 1002 et
972 971 1149 1003 communi
1169 979 1320 1017 uterque
1340 975 1488 1009 utamini

814 1022 1019 1067 pocillatore
1033 1022 1047 1054 Ρ

870 1078 902 1114 4.
928 1075 1030 1107 Times
1050 1075 1206 1119 lagenam.
1224 1076 1341 1111 Times
1362 1091 1489 1125 nempe

814 1135 1026 1160 venenatum
1041 1128 1220 1172 poculum.
1239 1129 1332 1163 Vide
1347 1131 1408 1164 lih.
1425 1133 1490 1173 IV,

815 1179 922 1224 epigr.
941 1192 1016 1213 an
1029 1207 1039 1221 ,
1064 1180 1081 1213 5
1105 1189 1138 1214 et
1158 1194 1294 1223 vam,
1310 1183 1342 1217 3.

669 1313 907 1370 XCIII.

588 1460 655 1487 AD
694 1439 981 1487 PRISCUMf

153 1575 278 1617 SAEPE
309 1587 462 1633 rogare
490 1570 599 1614 soles
626 1570 764 1632 qualis
791 1572 870 1615 sim
889 1607 900 1626 ‚
922 1574 1087 1625 Prisce,
1116 1574 1312 1632 futurus,

221 1644 265 1686 Si
287 1642 389 1685 fiam
416 1640 631 1702 locuples,
661 1642 827 1702 simque
853 1652 1031 1702 repente
1058 1653 1226 1704 potens.

151 1714 427 1773 Quemquam
450 1728 574 1772 posse
603 1721 729 1771 putas
753 1728 896 1755 mores
920 1729 1097 1757 narrare
1120 1714 1316 1760 futuros?

222 1784 306 1827 Dic
331 1781 460 1836 mihi,
491 1784 526 1824 si
557 1781 635 1824 fias
667 1791 712 1824 tu
744 1780 835 1837 leo,
857 1781 993 1842 qualis
1020 1783 1130 1827 eris?

132 1904 146 1917 ¹
163 1908 279 1952 Fingit
305 1919 340 1940 se
366 1906 618 1950 interrogatum
639 1918 658 1938 a
676 1906 755 1938 Pri-

80 1972 137 1993 sco
147 1985 156 2001 ‚
169 1960 278 2005 qualis
292 1959 430 1992 futurus
444 1958 548 1990 fuerit
560 1983 568 1998 ,
583 1958 609 1991 si
624 1956 674 1990 dii
686 1958 756 1990 for-

81 2020 239 2046 tunatum
260 2021 294 2046 et
326 2012 467 2044 beatum
494 2010 681 2043 fecissent:
699 2022 753 2043 re-

80 2064 229 2111 spondet
246 2064 284 2098 id
302 2062 446 2110 quidem
466 2071 560 2096 certo
574 2063 754 2096 neminem

80 2117 264 2164 providere
282 2130 289 2151 :
311 2117 340 2150 si
358 2125 473 2150 tamen
493 2116 573 2149 licet
592 2127 633 2148 ex
654 2116 753 2149 vobis

80 2170 248 2204 divitibus
278 2171 472 2215 conjectare
488 2194 497 2209 ‚
530 2169 585 2202 leo
618 2180 725 2201 essem
743 2195 752 2210 ‚

80 2225 161 2270 quia
180 2236 242 2257 vos
262 2223 345 2256 tales
374 2221 454 2255 estis
474 2234 484 2263 ;
518 2229 638 2255 tenues
659 2221 753 2254 enim

81 2276 282 2322 opprimitis
307 2284 342 2309 et
363 2273 546 2308 devoratis.
571 2275 700 2319 Argute
717 2282 753 2307 et

81 2329 176 2362 salse.
196 2329 313 2362 Rader.

138 2393 166 2414 1.
185 2381 308 2425 Qualis.
333 2380 409 2413 Hoc
433 2387 504 2421 est,
525 2379 652 2424 quibus
674 2391 750 2412 mo·

81 2435 175 2467 ribus
187 2457 198 2473 ‚
213 2446 283 2478 quo
306 2433 463 2478 ingenio,
483 2444 550 2477 qua
575 2430 699 2476 agendi
718 2439 753 2465 et

83 2485 220 2520 vivendi
235 2497 325 2518 nova
344 2483 607 2518 consuetudjne.

136 2552 167 2572 2.
192 2538 372 2582 Locuples„
388 2546 541 2581 ..potens.
573 2537 664 2569 Duas
696 2549 750 2570 res

83 2591 275 2636 conjunxit,
289 2590 413 2635 quibus
429 2599 467 2622 ut
481 2589 671 2633 plurimum
687 2601 751 2621 nu-

151 2664 241 2706 III.

815 1914 890 1939 tant
914 1915 947 1940 et
974 1916 1162 1942 vertuntur
1191 1923 1321 1954 mores,
1339 1927 1488 1950 summas

815 1971 898 2004 opes
911 1968 945 1992 et
960 1972 1128 1994 summam
1144 1971 1362 2008 potestatem.

869 2011 901 2044 3.
927 2012 1140 2059 Quemquam,
1171 2024 1235 2049 etc.
1261 2018 1351 2051 Nam
1380 2021 1490 2054 multa

812 2063 916 2104 vitia,
953 2077 1029 2110 quae
1065 2077 1201 2101 coercet
1235 2078 1268 2102 et
1301 2073 1488 2118 supprimit

814 2117 928 2149 tenuis
948 2118 1109 2161 fortuna,
1129 2121 1243 2166 ampla
1268 2132 1301 2156 et
1329 2126 1485 2160 sublimis

813 2170 1070 2205 manifestabit:
1093 2172 1308 2218 Magistratus
1336 2178 1487 2212 indicabit

812 2234 929 2256 vlt-um.

869 2279 900 2315 4.
919 2275 955 2308 Si
964 2275 1032 2320 fias
1048 2285 1080 2309 tu
1101 2279 1159 2310 leo.
1179 2279 1304 2314 Sensus
1324 2291 1390 2315 est:
1412 2285 1482 2318 Leo

811 2326 952 2360 futurus
976 2329 1087 2363 leonis
1111 2339 1269 2365 naturam
1299 2334 1484 2370 habiturus

813 2387 877 2419 est,
905 2389 1008 2425 atque
1032 2382 1079 2415 ita
1095 2382 1192 2418 dives
1207 2385 1347 2419 futurus
1367 2387 1484 2422 divitis

811 2433 966 2466 moribus
986 2446 1111 2468 usurus
1134 2444 1185 2469 est
1197 2463 1205 2477 ‚
1223 2450 1352 2483 nempe
1367 2453 1484 2486 super-

810 2485 863 2517 bis
877 2497 887 2526 ;
901 2497 961 2518 seu
971 2493 1092 2521 tenues
1108 2496 1141 2521 et
1157 2488 1342 2524 debiliores
1357 2502 1407 2526 est
1423 2506 1484 2538 op-

810 2549 1008 2582 pressurus,
1024 2549 1057 2572 et
1074 2548 1238 2586 tanquam
1254 2543 1483 2579 validissimus

811 2590 1039 2625 animantium
1060 2593 1114 2626 leo
1131 2593 1370 2630 devoraturus.

1209 2665 1238 2708 6
