2044 3292
547 231 635 274 183

903 229 964 271 Μ.
993 230 1134 272 VAL.
1175 229 1569 274 MARTIALIS

1136 376 1340 433 XLII.

1113 512 1371 562 cEnEUs⁴

607 659 693 702 Hic
719 656 796 700 tibi
822 665 1061 700 nocturnos
1087 656 1309 717 praestabit
1332 671 1483 701 cereus
1505 657 1649 717 ignes3

675 726 899 771 Subducta
929 735 994 770 est
1023 743 1161 787 puero
1189 742 1379 788 namque
1408 725 1588 773 lucerna
1611 736 1703 772 tuo.

584 862 598 875 ¹
618 865 740 910 Neque
759 865 829 898 ulla
849 873 901 899 est
921 865 1206 899 membranarum

530 930 644 964 neque
664 916 744 952 edd.
765 918 851 951 libb.
872 916 1046 952 discordia
1067 918 1102 951 in
1123 919 1207 953 scri-

530 980 633 1017 ptura
654 969 864 1005 exhibenda.

588 1037 619 1059 1.
647 1024 773 1058 Cereus.
813 1024 1052 1058 Saturnalium
1086 1023 1209 1058 diebus

529 1090 646 1112 cereos
668 1089 686 1110 a
705 1077 919 1123 pauperibus
943 1076 1070 1111 donari
1089 1077 1209 1112 solitos

528 1133 598 1176 jam
631 1129 782 1165 diximus
816 1130 879 1165 lib.
895 1131 940 1170 V,
961 1130 1072 1176 epigr.
1103 1142 1207 1165 xvul.

1268 863 1351 898 Vid.
1375 873 1408 899 et
1428 865 1490 899 lib.
1512 865 1563 907 X,
1582 865 1692 912 epigr.
1712 876 1857 899 Lxxxvn
1875 891 1884 906 ‚
1905 866 1945 899 5:

1274 935 1287 948 «ι
1303 918 1404 953 Absit
1422 930 1543 953 cereus
1562 916 1652 953 aridi
1668 917 1814 952 clientis.
1834 935 1848 948 n

1326 985 1359 1006 a.
1377 971 1550 1006 Subducta.
1572 970 1667 1005 Vide
1686 971 1748 1005 lib.
1766 971 1876 1012 VIII,
1891 983 1946 1016 ep.

1269 1037 1347 1067 ux,
1370 1036 1384 1058 1
1396 1037 1410 1059 1
1432 1032 1467 1058 et
1487 1037 1500 1058 1
1512 1037 1529 1058 Ἃ
1549 1036 1558 1057 :
1577 1042 1589 1054 «ι
1603 1025 1678 1059 Nec
1697 1023 1947 1058 dormitantem

1269 1089 1414 1112 vernam
1442 1076 1604 1112 fraudare
1631 1078 1774 1112 lucerna
1794 1076 1947 1112 Erubuit

1271 1131 1392 1175 fallax,
1405 1129 1525 1166 ardeat
1545 1131 1601 1164 illa
1617 1130 1710 1165 licet.
1728 1147 1742 1161 ι

1123 1267 1360 1324 XLIII.

786 1422 1223 1453 CANDELABRUM
1261 1402 1690 1452 (ἶΟΙὶΙΝΤΗΙῌΜ.ιι

600 1553 803 1595 ΝυΜιΝΛ
830 1549 1022 1595 candelae
1053 1550 1177 1594 nobis
1202 1551 1380 1611 antiqua
1410 1550 1627 1595 dederunt
1655 1568 1663 1593 :

669 1622 771 1666 Non
804 1631 931 1665 norat
958 1637 1114 1682 parcos
1142 1630 1275 1665 uncta
1300 1620 1477 1665 lucerna
1506 1630 1664 1682 patres.

598 1765 912 1823 Λαμπτῆρεσσιν
937 1764 1015 1822 ἐγὼ
1035 1763 1104 1821 μὲν
1127 1763 1333 1821 ἐπώνυμός
1359 1762 1437 1819 εἰμι
1458 1766 1656 1812 παλαιοῖς.

669 1821 863 1894 Ᾰγνωςος
891 1834 1098 1894 προγόνοις
1128 1835 1269 1891 νήφοσι
1291 1834 1436 1892 λύχνος
1461 1833 1540 1879 ἔην.

582 1969 596 1982 '¹
610 1973 751 2006 Nullam
770 1973 804 2006 in
828 1973 932 2017 hujus
948 1972 1208 2017 epigrammatis

530 2025 701 2071 scriptura
725 2026 927 2059 varietatem
956 2023 1113 2070 produnt
1137 2024 1208 2058 sive

532 2077 674 2113 codices
704 2091 810 2112 manu
836 2078 992 2119 exarati,
1024 2078 1095 2111 sive
1127 2077 1208 2111 libri

532 2131 659 2166 excusi.

587 2197 618 2218 1.
646 2185 785 2219 Nomina
810 2184 961 2217 candelae.
991 2182 1207 2217 Candelabra

531 2237 720 2272 Corinthio
740 2249 781 2271 ex
803 2250 869 2271 aere
890 2249 1028 2271 summo
1051 2245 1149 2270 eraut
1171 2237 1206 2270 iu

532 2292 666 2336 pretio,
686 2289 730 2324 de
757 2291 886 2336 quibus
914 2289 963 2324 ait
987 2289 1122 2323 Plinius
1145 2289 1205 2323 lib.

533 2344 705 2386 XXXIV,
724 2356 800 2390 cap.
821 2343 856 2386 3,
874 2351 909 2377 et
928 2355 1004 2388 cap.
1020 2355 1037 2376 2
1052 2341 1207 2388 ejusdem

530 2397 610 2431 libri
629 2409 637 2431 :
660 2407 675 2424 «
689 2397 740 2431 Ex
757 2396 815 2430 illa
835 2405 950 2430 autem
971 2395 1115 2441 antiqua
1130 2395 1205 2441 glo-

530 2450 580 2483 ria
600 2450 827 2484 Corinthium
845 2449 996 2483 maxime
1016 2448 1178 2483 laudatur
1197 2461 1204 2482 :

529 2503 597 2537 hoc
609 2516 706 2537 casus
718 2504 858 2538 miscuit
870 2529 879 2545 ,
894 2502 1083 2544 Corintho,
1097 2514 1205 2548 quum

529 2565 728 2603 caperetur,
750 2558 886 2591 incensa
906 2569 911 2589 .·
936 2557 1091 2601 mireque
1113 2556 1205 2589 circa

530 2609 563 2642 id
585 2611 772 2644 multorum
798 2610 972 2644 affectatio
997 2610 1082 2642 suit.
1104 2617 1165 2642 etc.
1189 2627 1201 2639 r>

1268 1972 1297 2004 A
1311 1970 1464 2004 candelis
1480 1983 1562 2004 vero
1578 1983 1656 2016 quae
1671 1971 1947 2016 imponebantur

1268 2023 1507 2064 candelabris,
1537 2033 1572 2058 et
1599 2024 1729 2069 quibus
1758 2024 1947 2057 utebantur

1269 2077 1413 2111 Veteres
1436 2075 1594 2110 nondum
1621 2077 1761 2110 iuventa
1782 2077 1946 2119 lucerna,

1268 2142 1305 2163 ea
1325 2129 1533 2164 candelabra
1553 2129 1645 2163 dicta
1665 2138 1757 2164 sunt.
1777 2128 1946 2163 Candela-

1267 2183 1371 2216 brum
1391 2183 1616 2216 Corinthium
1640 2182 1759 2216 divitis
1778 2191 1851 2217 erat
1869 2195 1946 2216 mu-

1267 2248 1352 2277 nus,
1377 2236 1533 2281 ligneum
1565 2245 1682 2270 autem
1708 2236 1884 2282 pauperis.
1902 2235 1948 2269 Et

1266 2289 1325 2323 hic
1357 2289 1527 2331 observa,
1555 2297 1595 2323 ut
1622 2289 1772 2335 saepius‚
1805 2287 1945 2322 fidelem

1268 2342 1439 2376 versiculo
1455 2355 1517 2376 suo
1535 2342 1698 2384 Poetam,
1718 2359 1732 2372 ι
1752 2341 1879 2375 Divitis
1897 2341 1944 2375 al-

1267 2403 1381 2429 ternas
1407 2404 1442 2430 et
1466 2396 1629 2442 pauperis
1655 2395 1772 2441 accipe
1791 2403 1901 2429 sortes
1924 2411 1938 2425 n

1266 2444 1389 2494 (supra
1403 2474 1412 2490 ‚
1435 2449 1544 2494 epigr.
1560 2442 1604 2492 1),
1619 2449 1768 2482 lautiora
1786 2459 1878 2494 saepe
1897 2446 1945 2481 vi-

1265 2502 1410 2536 lioribus
1426 2502 1575 2536 miscere
1585 2527 1594 2543 ‚
1611 2503 1766 2536 lucernae
1781 2512 1920 2539 cereum
1935 2525 1944 2542 ‚

1267 2555 1474 2590 candelabro
1503 2555 1688 2590 Corinthio
1711 2555 1864 2601 ligneum
1879 2581 1886 2593 ,
1911 2562 1945 2586 ct

1270 2609 1332 2642 alin
1350 2609 1423 2643 aliis
1440 2610 1547 2653 hujus
1563 2607 1668 2642 modi.
