1901 3259
360 207 945 251 EPIGRAMMATUM
983 208 1108 250 LIB.
1148 208 1287 250 XIV.

1425 222 1514 267 291

635 357 1007 415 CCXXIII.

643 494 998 542 JENTACULA.*

185 637 390 681 SURGITE
407 672 417 692 ,
438 637 526 696 jam
550 636 700 680 vendit
724 638 868 698 pueris
887 637 1105 697 jentacula
1131 640 1288 699 pistor,

257 707 540 767 Cristataeque
571 716 725 750 sonant
757 707 947 768 undique
977 707 1083 752 lucis
1113 725 1227 752 aves.

168 842 185 858 *
206 846 373 878 Jentacnla
399 845 529 889 adipata
548 845 703 878 Turneb.
727 844 788 877 lib.

116 898 189 940 IX,
205 911 280 943 cap.
305 902 365 938 24.
385 898 531 942 Adipata
552 897 691 929 Thuan.

168 952 333 983 —Pueris
340 950 503 995 jentacula
513 951 626 994 pistor.
640 950 789 994 Magnus

116 1003 302 1036 Turnebus
318 1029 327 1045 ‚
353 1001 708 1036 Animadversionum
726 1002 789 1036 lib.

114 1056 166 1088 IX
177 1081 185 1094 ‚
196 1068 273 1101 cap.
291 1068 308 1087 2
317 1059 337 1096 4
349 1056 396 1089 sic
410 1056 473 1088 ait:
488 1055 640 1100 Reperio
651 1055 686 1087 in
697 1063 789 1088 vete-

112 1107 210 1141 ribus
223 1108 321 1142 libris
335 1108 479 1153 adipata,
500 1107 627 1153 quihus
646 1108 789 1141 fortasse

113 1167 153 1194 ut
173 1161 286 1195 unctis
304 1169 338 1194 et
357 1161 507 1206 ganeatis
532 1160 618 1193 cibis
643 1161 788 1193 uteban-

113 1221 172 1246 tur
196 1214 281 1247 olim
305 1213 341 1246 in
365 1213 553 1259 jentaculo.
582 1213 789 1246 Plutarchus

112 1265 174 1298 lib.
195 1267 296 1300 VIII.
319 1266 481 1311 Sympos.
508 1264 594 1299 dicit
620 1266 656 1299 in
675 1267 788 1310 jenta-

114 1319 194 1352 culo
219 1332 344 1364 panem
373 1328 407 1352 et
432 1318 520 1351 nihil
549 1318 644 1352 aliud
669 1317 789 1351 datum

113 1371 217 1405 fuisse
235 1383 242 1405 :
261 1372 428 1417 Apuleius
444 1371 506 1404 lib.
523 1371 540 1403 I
558 1371 643 1404 Met.
662 1383 786 1415 panem

113 1436 193 1457 cum
214 1424 507 1458 casea—Omnia
527 1423 601 1456 haec
619 1422 664 1457 ad
683 1435 788 1456 unam

112 1477 319 1511 sententiam
332 1477 430 1510 facile
445 1476 679 1509 revocaveris:
691 1476 786 1521 prin-

112 1529 205 1575 cipio
224 1542 349 1575 nempe
368 1542 493 1575 panem
514 1529 624 1562 solum
649 1528 691 1562 ad
709 1530 784 1574 jen-

113 1583 264 1616 taculum
281 1581 378 1625 dari,
394 1595 475 1616 mox
495 1582 661 1627 gliscente
682 1582 784 1615 luxu-

850 846 900 879 ria
935 854 969 878 et
1001 846 1244 892 imperiosiore
1276 848 1312 882 in
1344 848 1418 883 dies
1447 853 1528 896 gula

850 907 986 943 sumpta
1008 899 1070 932 alia
1085 925 1094 941 ‚
1113 913 1131 933 e
1150 901 1277 945 quibus
1296 910 1370 935 tum
1389 915 1526 945 caseus,

851 958 923 983 tum
941 949 1089 996 adipata.
1101 953 1279 986 Caeterum
1297 967 1360 988 cur
1374 957 1528 991 voluerit

849 1003 906 1036 hic
927 1004 1112 1037 Turnebus
1135 1011 1180 1050 τῷ
1198 1007 1361 1049 jentacula
1386 1008 1422 1041 in
1440 1009 1525 1043 lem·

850 1064 941 1089 mate
962 1057 1124 1101 subjungi
1145 1059 1276 1102 adipata
1289 1085 1297 1099 ,
1322 1060 1417 1093 haud
1437 1074 1525 1095 asse-

849 1120 939 1153 quor
966 1121 973 1141 :
996 1122 1082 1142 num
1105 1109 1226 1143 vendit
1251 1124 1388 1157 semper
1415 1114 1525 1158 pistor

849 1160 1013 1206 adipata?
1034 1162 1100 1195 En.

906 1226 919 1247 1
931 1239 938 1246 .
949 1214 1047 1246 Pueri
1063 1215 1255 1260 Calipinus.
1275 1217 1433 1251 Lecticula
1446 1218 1524 1252 eod.

849 1266 983 1300 Beverl.

904 1331 935 1351 2.
969 1318 1189 1365 Cristataeque.
1227 1321 1303 1354 Hoc
1336 1330 1386 1355 est
1398 1347 1407 1362 ,
1444 1324 1525 1368 galli

849 1382 983 1404 aurorae
998 1372 1197 1416 praenuntii.
1216 1374 1323 1414 Quasi
1339 1374 1446 1419 igitur
1461 1389 1525 1409 no-

847 1431 937 1456 ctem
966 1424 1225 1458 Saturnalitiam
1249 1427 1372 1471 egisset
1397 1428 1526 1469 Poeta,

845 1485 1006 1521 evagatus
1026 1490 1088 1522 per
1103 1491 1247 1511 munera
1265 1480 1407 1524 singulis
1425 1480 1524 1515 disti-

845 1529 919 1562 chis
937 1539 1057 1563 monet
1073 1529 1165 1563 diem
1185 1531 1371 1566 adventare
1384 1559 1393 1574 ‚
1410 1534 1523 1580 impo-

846 1581 978 1615 siturus
999 1584 1095 1628 operi
1115 1583 1274 1618 ultimam
1296 1598 1454 1619 manum.

1223 2686 1304 2745 ¹9⁷
