1901 3259
348 250 932 294 EPIGRAMMATUM
972 252 1096 295 LIB.
1137 254 1286 297 XIII.

1425 254 1506 301 131

686 401 943 457 LXXI.

548 557 1035 587 PHOENICOPTERUS.
1057 540 1075 554 ⁴⁸

173 685 278 727 DAT
307 682 412 725 mihi
436 698 578 742 penna
606 681 767 725 rubens
797 698 958 725 nomen
983 699 990 725 :
1013 683 1087 726 sed
1114 683 1258 746 lingua
1283 687 1445 748 gulosis

242 752 403 797 Nostra
429 753 564 813 sapit3
589 751 690 813 quid
714 753 749 796 si
773 752 946 813 garrula
972 752 1120 814 lingua
1147 756 1288 801 foret?

170 889 337 947 Οὔνομα
358 887 411 930 τὰ
432 886 562 947 πτερὰ
590 882 715 930 δῶκεν
742 887 881 948 ἔρυθρ’·
907 892 929 935 ἡ
954 893 1118 949 γλῶσσα
1142 886 1187 934 δὲ
1206 893 1355 952 λίγνοις

238 959 420 1018 Νόςιμός
443 960 517 1008 ἐςι·
539 958 580 1000 τί
600 953 638 1000 δ’
660 958 691 1000 εἰ
709 962 874 1018 γλῶσσα
893 960 1066 1003 τέτυκτο
1085 962 1211 1016 λάλης
1264 945 1277 953 ⁹

151 1086 165 1099 *
188 1087 394 1119 Ptoricottori
414 1085 488 1118 MS.
510 1085 647 1117 Beverl.

153 1152 183 1172 1.
201 1140 273 1172 Dat
288 1139 363 1172 milli
374 1151 489 1184 penna.
507 1138 751 1182 Φεινικόπτερος
763 1163 770 1175 ,

97 1193 130 1226 h.
157 1205 206 1234 e.,
230 1192 401 1238 puniceus
426 1192 504 1224 alas.
527 1191 772 1235 Phoenicopte-

94 1259 153 1279 rus
170 1258 252 1291 ergo
270 1246 340 1279 avis
360 1245 451 1278 circa
468 1244 560 1277 lacus
577 1252 610 1277 et
626 1242 772 1289 paludes

95 1300 274 1340 victitans,
299 1299 375 1332 visu
398 1297 567 1344 pulchra,
596 1305 629 1329 et
655 1297 771 1330 colore

93 1351 221 1386 decora
239 1364 440 1398 purpureo3
462 1348 704 1396 magnitudine
722 1350 770 1383 ci-

93 1406 221 1447 coniae,
238 1414 302 1439 ete.
323 1406 423 1451 cujus
441 1405 561 1449 lingua
577 1403 702 1449 optimi
719 1412 770 1437 est

92 1458 427 1504 saporis.Videntur
448 1465 563 1490 autem
585 1457 767 1502 permagni

92 1512 195 1546 fuisse
211 1512 290 1545 Juv.
308 1512 376 1545 Sat.
395 1511 464 1551 XI,
487 1511 556 1554 139
574 1522 581 1542 2
603 1510 765 1543 «Phoeni-

92 1573 254 1611 copterus
266 1565 397 1610 ingens.
408 1563 512 1596 uVid.
526 1576 603 1608 quae
614 1561 657 1595 de
667 1563 766 1596 Phoe-

90 1619 274 1664 uicoptero
295 1618 404 1650 fusius
423 1629 486 1650 nos
508 1617 640 1661 egimus
660 1628 763 1661 supra

90 1683 143 1717 ep.
158 1671 435 1704 nnn—Mirum
453 1682 535 1702 vero
555 1670 690 1702 fortean
709 1669 760 1701 vi-

89 1723 229 1757 debitur
242 1736 313 1756 non
328 1724 482 1769 posuisse
492 1735 619 1755 nomen
633 1722 669 1754 in
683 1735 760 1755 ver-

87 1790 128 1810 su
147 1785 284 1822 poetam
303 1785 336 1809 et
348 1775 533 1821 περιῳράσει
553 1787 653 1808 usum
667 1787 739 1808 esse
751 1801 759 1816 ,

87 1830 183 1875 quasi
198 1829 391 1863 hexametri
403 1828 571 1873 rhythmo
587 1840 759 1873 repugna·

86 1891 165 1916 rent
183 1883 324 1928 syllabae
337 1908 345 1923 ‚
363 1890 402 1914 ut
421 1882 457 1914 in
476 1881 544 1914 hoc
563 1881 698 1913 Horatii
718 1880 763 1914 de

85 1936 280 1980 Equotutio
300 1936 354 1967 vel
371 1934 582 1979 Equotutico
601 1945 608 1966 z
631 1934 764 1979 «Oppi-

85 1988 208 2022 dulnm
225 1987 320 2034 quod
336 2000 437 2020 versu
453 1986 570 2020 dicere
585 2000 656 2019 non
672 1995 755 2020 est.»

83 2042 160 2075 Lib.
184 2043 222 2081 Ι,
246 2050 307 2075 sat.
330 2053 378 2073 vl.
404 2040 512 2086 Atqui
536 2048 650 2073 tamen
675 2052 759 2072 con-

83 2103 149 2128 stat
163 2095 452 2140 Phoenicopterus
474 2106 492 2126 e
512 2093 624 2138 longis
645 2093 757 2127 tribus

84 2160 168 2192 quas
183 2157 376 2194 sequuntur
391 2146 468 2180 duae
485 2146 619 2180 breves.
635 2146 757 2187 Quan-

83 2213 189 2246 quam
203 2210 238 2234 et
254 2202 323 2234 hoc
342 2210 458 2234 tamen
476 2199 603 2245 passim
622 2199 704 2232 fecit
722 2208 757 2233 et

81 2255 259 2300 praecipue
280 2254 316 2287 in
337 2254 441 2300 hujus
461 2254 522 2286 lib.
547 2252 752 2298 epigramm.

82 2319 164 2340 va1
175 2335 184 2350 ‚
198 2309 296 2353 cujus
308 2308 434 2341 lemma
449 2306 638 2340 Columbini.
656 2305 755 2351 Opti-

80 2372 136 2394 me
161 2361 252 2394 enim
281 2360 398 2393 versui
428 2358 654 2393 inserendum
682 2367 755 2392 erat

79 2415 287 2447 vocabulum
309 2412 345 2446 id
362 2426 381 2447 e
396 2412 494 2446 brevi
511 2425 578 2446 una
595 2420 754 2445 constans

78 2475 112 2500 et
129 2468 242 2500 tribus
259 2466 382 2511 longis.
395 2466 520 2500 Maluit
536 2474 651 2499 tamen
670 2477 748 2498 cum

77 2520 263 2566 περιφράσει
292 2518 408 2552 dicere
436 2527 555 2551 teneras
582 2518 748 2551 columbas.

78 2568 146 2606 En.
178 2595 230 2599 -—
266 2571 406 2606 Gulosis.
442 2572 564 2617 Apicio
583 2597 592 2612 ,
631 2571 751 2604 Helio-

77 2626 217 2670 gabalo,
236 2623 481 2658 Vitelli0.Vid.
508 2624 552 2658 de
575 2625 643 2657 hoc
665 2624 750 2657 Sue-

78 2679 213 2711 tonium
226 2678 331 2724 quiin
341 2677 484 2710 Vitellio
497 2701 504 2715 a
523 2677 565 2710 de
578 2677 752 2710 immonem

836 1085 1089 1130 magnitudinis
1100 1089 1216 1132 patina
1231 1103 1334 1136 quam
1349 1093 1511 1140 clypeum

834 1138 1023 1180 Minervae,
1058 1139 1174 1186 αἰγίδα
1189 1169 1197 1184 ,
1229 1149 1422 1189 πολιοῦχον,
1452 1150 1514 1182 iste

834 1189 1015 1225 dictitabat
1032 1204 1040 1226 :
1055 1210 1068 1223 α
1086 1194 1127 1226 In
1149 1195 1214 1230 hac
1233 1209 1411 1232 scarorum
1427 1203 1512 1246 jeci-

831 1256 917 1276 nora
927 1271 935 1287 ,
950 1244 1087 1291 linguas
1101 1248 1405 1296 phoenicopterum
1416 1280 1425 1295 ,
1439 1268 1514 1288 mu-

832 1309 1006 1331 raenarum
1021 1299 1124 1333 lactes
1136 1327 1144 1342 ‚
1159 1314 1176 1334 a
1194 1303 1385 1349 Carpathio
1403 1320 1511 1353 usque

830 1350 990 1409 fretoque
1002 1352 1180 1398 Hispaniae
1195 1368 1256 1401 per
1266 1360 1457 1400 nayarchos
1471 1374 1510 1395 ac

830 1411 988 1438 triremes
1008 1406 1199 1451 petitarum
1214 1435 1223 1450 ,
1243 1412 1463 1447 commiscuit
1479 1432 1508 1448 υ.

829 1456 911 1490 Vid.
933 1470 1074 1504 quoque
1091 1460 1225 1495 Plinius
1242 1464 1300 1508 qui
1318 1482 1331 1494 n
1352 1465 1506 1512 linguam

826 1509 1083 1557 phoenicopteri
1105 1530 1117 1542 n
1137 1513 1221 1548 dicit
1239 1533 1253 1546 «ι
1270 1519 1440 1564 praecipui
1458 1534 1507 1554 sa-

824 1563 948 1608 poris„
964 1590 973 1606 ‚
996 1573 1029 1598 et
1059 1566 1190 1601 Seneca
1214 1570 1275 1614 qui
1303 1571 1401 1616 epist.
1436 1586 1504 1607 111:

830 1633 842 1645 κ
867 1616 1039 1651 Miliarios
1062 1631 1182 1664 apros,
1207 1622 1341 1668 linguas
1366 1626 1502 1670 phoeni-

824 1678 1049 1714 copterorum
1077 1681 1110 1705 et
1132 1674 1197 1706 alia
1219 1685 1379 1720 portenta
1399 1679 1502 1713 luxu-

820 1722 880 1755 riae
908 1724 978 1767 jam
1008 1732 1077 1757 tota
1107 1726 1268 1760 animalia
1295 1729 1502 1767 fastidientis

820 1783 853 1808 et
883 1784 974 1808 certa
1008 1779 1164 1811 membra
1193 1792 1234 1812 ex
1265 1781 1409 1827 singulis
1440 1786 1502 1818 eli-

822 1828 974 1872 gentis».
989 1829 1214 1865 Ham-autem
1232 1834 1311 1875 sibi,
1325 1837 1419 1870 velut
1433 1837 1500 1872 deo

822 1881 958 1926 optimo
976 1884 1127 1917 maximo
1145 1886 1415 1930 pulcherrimam
1435 1891 1498 1924 ho-

821 1934 921 1967 stiam
938 1937 1080 1968 mactari
1105 1939 1253 1981 jusserat
1272 1941 1361 1987 Imp.
1377 1943 1497 1986 Caius;

821 1996 853 2020 et
874 1988 967 2021 illius
990 1990 1160 2034 sanguine
1185 2004 1274 2037 saepe
1298 1998 1498 2041 aspergeba-

819 2048 886 2073 tur.
903 2040 1076 2075 Caeterum
1096 2043 1263 2078 videntur
1282 2059 1352 2080 non
1378 2050 1494 2084 minus

817 2093 962 2138 posthac
998 2096 1168 2130 cerebella
1209 2098 1492 2147 phoenicoptero-

816 2159 895 2179 rum
915 2159 1018 2192 quam
1039 2149 1166 2194 linguae
1184 2151 1220 2184 in
1240 2154 1355 2197 pretio
1375 2156 1490 2191 fuisse.

816 2199 1038 2247 Lampridius
1069 2201 1105 2235 in
1138 2204 1355 2251 Heliogabali
1390 2209 1460 2243 vita
1482 2224 1489 2244 :

820 2270 834 2281 «ι
864 2252 1108 2299 Heliogabalus
1122 2280 1131 2296 ‚
1167 2258 1298 2303 inquit,
1333 2261 1491 2297 exhibuit

813 2306 979 2340 Palatinis
1003 2308 1160 2353 ingentes
1179 2310 1285 2357 dapes
1307 2315 1393 2348 extis
1411 2316 1488 2349 illo-

813 2371 891 2392 rum
916 2361 1061 2394 refertas
1084 2371 1117 2396 et
1141 2365 1321 2400 cereheIh's
1349 2368 1486 2412 phoeni—

814 2421 1048 2457 copterorum.
1068 2415 1134 2448 En.

868 2478 898 2499 2.
927 2466 1018 2510 Quid
1035 2471 1063 2500 si
1081 2470 1224 2512 garrula.
1246 2472 1363 2512 Quum
1384 2476 1486 2509 tacita

811 2527 880 2551 tam
908 2527 1000 2564 grata
1028 2521 1081 2554 sit.
1110 2522 1213 2555 Forte
1235 2524 1358 2558 alludit
1380 2527 1484 2561 Poeta
1513 2542 1518 2548 ·

811 2571 855 2604 ad
886 2573 1040 2617 patinam
1074 2574 1189 2608 Clodii
1217 2579 1336 2623 AEsopi
1365 2581 1482 2627 tragici

810 2624 991 2658 histrionis
1021 2628 1184 2660 refertam
1213 2629 1341 2675 linguis
1367 2635 1481 2667 avium

811 2690 1026 2711 canorarum.
1046 2679 1178 2713 Plinius
1192 2682 1251 2715 lib.
1270 2684 1321 2721 X,
1338 2698 1412 2732 cap.
1432 2688 1480 2721 51.

1175 2755 1237 2814 5³²
