1901 3259
338 221 922 266 EPIGRAMMATUM
959 221 1082 264 LIB.
1121 219 1264 262 XIV.

1397 216 1485 260 281

683 372 902 431 CCIV.

653 528 940 558 CYMBALA.

169 658 286 701 [ΕΒΑ
310 653 543 700 Celaenaeos
574 654 767 717 lugentia
793 655 946 699 matris
971 669 1140 698 amores

239 727 445 771 Esuriens
470 724 622 786 Gallus
645 725 834 770 vendere
858 741 969 786 saepe
992 723 1112 768 solet.

173 866 322 918 Γάλλε,
350 866 595 908 Κελαιναίων
627 865 851 925 θρηντῖτορα
879 865 1030 924 μητρὸς
1060 865 1217 924 ἐρώτων

242 938 405 980 Χαλκὸν
433 937 640 986 ἐπώλησας
666 934 840 979 πολλάκι
865 935 1084 984 πειναλέος.

163 1088 194 1108 1.
221 1076 253 1108 T
251 1075 365 1107 undere
387 1074 527 1119 conjicit
547 1075 586 1107 de
605 1075 706 1120 Rooy.
726 1094 777 1100 -
835 1084 964 1118 nempe
999 1072 1110 1118 patria
1137 1071 1205 1104 fuit
1232 1070 1397 1109 Celaenae,
1425 1070 1509 1102 urbs

108 1128 208 1162 AEra.
223 1128 300 1161 Hoc
315 1136 376 1169 est,
386 1128 555 1173 cymbala,
568 1139 630 1161 seu
644 1127 771 1160 instru-

107 1189 223 1214 menta
248 1193 372 1214 sonora
393 1193 435 1214 ex
457 1193 544 1222 aere,
569 1192 646 1226 quae
662 1180 779 1226 pulsa·

109 1235 193 1267 bant
211 1233 303 1267 Galli
323 1234 470 1279 Cybeles
489 1232 703 1272 sacerdotes,
723 1231 780 1266 de-

112 1286 232 1320 flentes
249 1287 342 1332 Atyn
360 1299 511 1332 puerum
526 1287 568 1320 ab
586 1298 624 1319 ea
644 1284 780 1331 perdite

112 1347 276 1374 amatum.
292 1360 342 1366 --
358 1340 528 1374 Celoenaeos
546 1352 674 1373 amores.
695 1339 781 1384 Atys

842 1125 1003 1172 Phrygiae
1019 1123 1244 1158 famosissima
1255 1148 1263 1159 ‚
1283 1135 1323 1156 ex
1339 1135 1403 1168 qua
1421 1122 1513 1155 Mar'-

839 1192 914 1224 syas
928 1177 1100 1211 oriundus
1119 1177 1187 1211 fuit
1201 1186 1235 1210 et
1253 1174 1510 1209 Midas—Ma·

841 1235 908 1265 tris.
926 1232 1003 1264 Hoc
1021 1239 1088 1269 est,
1109 1230 1258 1276 Cybele,
1273 1241 1351 1275 quae
1370 1226 1511 1261 Saturni

841 1286 979 1330 conjux,
992 1293 1102 1318 mater
1111 1285 1131 1317 J
1134 1283 1220 1324 ovis,
1235 1281 1391 1328 Neptuni
1403 1306 1413 1321 ‚
1432 1281 1513 1313 Plu-

841 1338 932 1372 tonis
948 1347 982 1372 et
995 1339 1111 1371 Deum
1129 1336 1291 1371 omnium
1305 1334 1511 1370 habebatur.

727 1474 910 1531 CCV.

601 1629 740 1659 PUER
777 1629 1035 1659 CINAEDUS.

190 1757 267 1800 SIT
292 1755 417 1799 nobis
439 1764 562 1799 aetate
586 1771 717 1816 puer,
742 1771 832 1799 non
857 1755 1030 1815 pumice
1053 1753 1157 1797 levis
1172 1788 1184 1809 ‚

260 1828 445 1887 Propter
472 1841 602 1886 quem
626 1823 796 1886 placeat
819 1824 936 1868 nulla
962 1822 1104 1885 puella
1127 1822 1245 1866 mi-hi.

194 1969 307 2010 Λεῖον
334 1966 451 2027 ἔγωγ’
483 1962 527 2008 ἂν
557 1966 702 2024 ἔχοιμ’,
727 1965 817 2007 ἀλλ’
847 1968 890 2007 οὐ
921 1958 1122 2024 κισσηρίδι
1149 1957 1304 2017 παῖδα,

263 2039 345 2079 Τοῦ
372 2037 410 2096 γ’
435 2036 531 2080 ἕνεκ’
559 2035 667 2085 οὔτις
690 2034 777 2094 ἐμοὶ
803 2030 919 2084 δόξαι
948 2036 1088 2094 ἐταῖρα
1112 2035 1231 2080 καλή.

184 2194 215 2214 1.
247 2180 322 2213 Non
343 2182 477 2224 pumice,
507 2179 674 2225 Impubes
687 2205 696 2221 ‚
727 2191 799 2211 non

126 2233 268 2279 pumice
279 2240 338 2265 aut
345 2231 497 2277 dropace
512 2232 689 2277 levigatus,
708 2244 797 2273 non,

128 2294 169 2319 ut
181 2285 243 2318 lib.
260 2286 315 2324 Π,
338 2285 448 2330 epigr.
467 2297 549 2318 xxrx
561 2311 570 2326 ,
590 2297 639 2318 vs.
654 2287 688 2326 6,
702 2302 715 2313 ι
732 2284 799 2317 Cui

131 2336 315 2383 splendent
326 2338 428 2370 vulso
441 2338 581 2371 brachia
590 2337 672 2370 trita
686 2337 770 2383 pilo.
781 2354 794 2366 n

132 2391 266 2423 Notum
283 2402 366 2423 vero
383 2398 433 2423 est
452 2390 591 2435 pumice
612 2391 663 2424 uti
680 2390 799 2423 solitos

136 2444 293 2484 Veteres,
306 2451 344 2476 ut
356 2442 447 2488 pilos
460 2443 526 2476 sibi
539 2443 690 2476 molliter
701 2442 800 2476 dera-

859 2178 1025 2223 exigebat.
1049 2198 1100 2204 —
1118 2177 1170 2210 Eo
1187 2175 1364 2216 mollitiei,
1382 2188 1454 2208 non
1476 2174 1529 2208 di-

859 2243 936 2264 cam
958 2230 1152 2276 eleganthe,
1177 2229 1332 2262 devoluti
1357 2236 1474 2269 erant,
1493 2236 1531 2260 ut

860 2292 893 2317 et
914 2296 1036 2325 crura,
1064 2291 1098 2316 et
1128 2283 1210 2316 alias
1238 2282 1396 2327 corporis
1416 2289 1533 2325 partes

859 2337 997 2382 pumice
1027 2336 1093 2370 sihi
1122 2336 1329 2381 levigarent.
1362 2332 1512 2366 Ovidius
1526 2357 1535 2372 ‚

860 2394 934 2423 Art.
953 2391 1031 2422 Am.
1046 2390 1063 2421 I
1076 2415 1085 2431 ‚
1105 2389 1173 2422 506
1192 2398 1225 2421 et
1242 2400 1311 2433 seq.
1328 2396 1336 2420 .’
1356 2404 1369 2416 ιι
1384 2385 1450 2419 Sed
1471 2384 1533 2417 tibi

860 2454 924 2476 uec
934 2443 1026 2476 ferro
1041 2442 1173 2488 placeat
1188 2450 1355 2486 torquere
1370 2438 1513 2484 capillos
1526 2461 1536 2478 ‚

135 2494 258 2528 derent
280 2496 420 2540 potius,
443 2508 548 2540 quam
566 2496 751 2529 evellerent
770 2504 803 2529 et
863 2495 934 2529 Nec
971 2504 1029 2528 tua
1068 2493 1223 2528 mordaci
1262 2493 1400 2538 pumice
1437 2501 1537 2524 crura

137 2548 357 2581 extraherent
370 2547 463 2592 quod
481 2548 623 2593 forcipis
639 2548 804 2581 auxilium
864 2557 964 2582 teras.
985 2549 1051 2581 Eu.
