1901 3259
358 213 949 257 EPIGRAMMATUM
986 212 1111 254 LIB.
1150 211 1270 254 XII.

1441 225 1502 271 27

234 301 415 347 Praetori
437 316 644 361 mappam
669 300 839 361 surpuit
860 300 1175 359 Hermogenes.
1483 320 1513 335 ιο

164 371 383 417 Attulerat
402 387 608 432 mappam
631 387 760 414 nemo
773 405 785 427 ‚
806 369 911 414 dum
933 368 1049 413 furta
1072 369 1284 412 timentur
1304 384 1312 410 :

235 441 419 486 Mantile
448 458 471 486 e
495 458 647 486 mensa
671 442 842 502 surpuit
861 442 1176 500 Hermogenes.

168 516 265 558 Hoc
286 530 461 574 quoque
487 513 522 557 si
543 512 701 567 deerit,
724 512 891 557 medios
912 511 1154 572 discingere
1175 508 1335 563 lectos,

238 585 581 645 Mensarumque
603 583 736 644 pedes
759 599 848 627 non
868 583 991 626 timet·
1011 583 1322 641 Hermogenes.

170 655 384 713 Quamvis
412 671 503 698 non
526 654 700 699 modico
725 653 895 698 caleant
918 651 1167 715 spectacula
1190 650 1309 705 Sole,
1491 664 1520 688 15

241 725 352 770 Vela
373 725 665 780 reducuntur,
687 742 822 786 quum
846 725 964 767 venit
985 725 1296 784 Hermogenes.

172 798 397 841 Festinant
420 796 581 857 trepidi
605 795 900 856 substringere
924 794 1106 839 carbasa
1124 803 1287 848 nautae,

243 867 313 910 Ad
332 876 507 928 portum
533 867 700 927 quoties
725 866 870 927 paruit
894 868 1205 925 Hermogenes.

175 938 368 998 Linigeri
391 936 566 997 fugiunt
585 935 721 992 calvi,
744 937 1002 997 sistrataque
1024 935 1173 991 turba,

105 1104 192 1138 pore
215 1092 400 1138 mappario
421 1092 630 1126 mittendam
649 1092 786 1126 tradere

106 1153 281 1179 curarent.

165 1211 219 1232 10.
233 1198 378 1243 Surpuit.
400 1198 484 1231 Non
509 1207 560 1232 est
578 1198 675 1244 quod
694 1197 786 1231 indi-

107 1263 183 1285 cem
202 1250 368 1296 Synopen
384 1251 443 1284 hic
458 1264 530 1285 esse
544 1264 610 1297 pro
623 1254 787 1297 surripuit.

168 1316 183 1337 1
196 1318 210 1338 1
221 1332 228 1338 .
246 1305 414 1338 Attulerat
430 1317 575 1350 mappam
593 1318 682 1338 nemo
695 1332 703 1344 ‚
722 1313 786 1338 etc.

108 1357 254 1403 Mappas
269 1370 346 1391 suas
361 1356 405 1390 ad
421 1358 582 1392 convivia
597 1358 790 1391 afferebant

109 1410 258 1455 singuli,
292 1410 435 1443 mantile
471 1411 677 1445 convivator
700 1423 790 1456 prae-

110 1464 225 1497 bebat.
245 1464 342 1497 Inter
362 1476 505 1509 mappas
529 1465 623 1498 enim
646 1473 679 1498 et
698 1476 792 1497 man-

109 1516 185 1551 tilia
204 1524 287 1550 tunc
312 1518 482 1561 temporis
503 1517 571 1551 hoc
600 1516 790 1550 discrimen

110 1570 327 1603 statuebatur
339 1579 397 1604 :ut
408 1570 551 1603 mantilia
568 1571 697 1604 mensis
711 1583 794 1616 ope-

110 1621 267 1664 riendis3
289 1636 411 1668 mappae
432 1623 595 1657 manibus
615 1622 792 1669 tergendis

113 1687 215 1709 usum
235 1676 445 1721 praeberent.
464 1675 571 1718 Quod
590 1684 625 1711 et
645 1689 709 1709 nos
731 1676 794 1710 ho-

113 1727 245 1762 diernis
270 1729 492 1775 temporibus
516 1730 594 1762 fieri
616 1730 793 1774 conspici-

115 1793 194 1815 mus
209 1795 216 1813 :
234 1781 295 1815 sed
322 1782 397 1815 haec
430 1791 504 1815 erat
537 1794 601 1815 nos
635 1783 728 1814 inter
762 1790 796 1815 et

115 1835 292 1867 Romanos
307 1833 510 1868 differentia
525 1833 623 1880 quod
641 1834 799 1868 invenie-

115 1887 200 1920 bant
210 1886 353 1932 quidem
364 1886 457 1933 apud
475 1886 659 1921 dominum
676 1887 798 1920 convi-

116 1939 165 1973 vii
182 1952 337 1973 mensam
360 1940 495 1975 mantili
514 1941 717 1981 instratam;
736 1939 798 1974 sed

117 1993 358 2038 unusquisque
378 2005 538 2039 mappam
559 2006 656 2027 suam
675 1994 798 2027 affere-

116 2045 188 2079 bat.
211 2045 319 2087 Quod
341 2055 475 2080 constat
496 2047 551 2080 vel
571 2060 611 2080 ex
637 2046 704 2080 hoe
727 2046 799 2092 epi-

117 2107 310 2144 grammate
337 2099 507 2133 Martialis
534 2100 571 2133 in
605 2100 799 2145 Hermoge-

118 2163 201 2185 nem
229 2165 437 2198 mapparum
469 2165 636 2198 magnum
672 2153 799 2186 furem.

119 2203 280 2246 Quodam
302 2218 384 2250 ergo
397 2205 454 2239 die
466 2232 474 2247 ‚
493 2219 603 2251 quum
623 2206 710 2239 furis
728 2218 800 2239 me-

120 2266 159 2291 tu
183 2270 287 2291 nemo
315 2270 356 2292 ex
385 2259 545 2293 convivis
569 2271 732 2305 mappam
757 2258 801 2291 ad

121 2310 160 2344 id
190 2311 392 2345 convivium
423 2313 593 2346 attulisset
605 2338 615 2354 ‚
651 2312 708 2345 cui
741 2311 802 2344 ille

122 2363 273 2397 debebat
290 2365 476 2404 interesse,
495 2378 603 2411 quum
617 2365 705 2398 nihil
721 2378 801 2410 pos-

123 2425 174 2450 set
200 2430 409 2463 mapparum
436 2419 634 2464 surripere,
659 2418 802 2452 mantile

123 2469 238 2515 ipsum
255 2470 388 2504 furatus
407 2480 476 2514 est,
496 2484 566 2518 quo
584 2484 705 2505 mensa
726 2479 800 2504 erat

124 2522 280 2556 instrata.
298 2523 392 2557 Hinc
409 2538 530 2570 mappae
548 2525 650 2559 breves
661 2552 669 2565 ,
685 2523 801 2558 eidem

124 2575 276 2608 Martiali
323 2578 507 2617 ἐπιθετικῶς
545 2578 770 2624 appellantur
792 2591 799 2610 t

132 2628 196 2663 «Et
210 2629 289 2663 vani
308 2629 467 2675 triplices
478 2656 486 2672 ‚
500 2631 694 2678 brevesque
712 2643 808 2676 map-

846 1105 911 1138 pae.
934 1109 947 1122 n
969 1091 1107 1125 Salmas.
1121 1091 1349 1124 -Attulerat
1369 1103 1528 1136 mappam.

845 1145 993 1178 Mantile
1014 1157 1117 1185 vero,
1136 1144 1183 1178 ait
1203 1152 1327 1177 contra
1351 1142 1528 1185 Raderus‚

846 1199 996 1231 linteum
1022 1198 1151 1231 scilicet
1174 1196 1349 1243 tergendis
1369 1196 1530 1231 manibus

848 1259 989 1297 aptum,
1008 1264 1026 1284 a
1043 1251 1270 1284 convivatore
1285 1251 1486 1296 parabatur.

906 1304 959 1338 13.
979 1305 1180 1348 Distringere
1196 1302 1280 1336 dant
1294 1302 1376 1337 edd.
1395 1310 1477 1336 vett.
1496 1311 1532 1337 et

849 1357 978 1403 Delph.
1009 1358 1210 1402 Dcfstingere
1244 1357 1319 1390 MS.
1351 1356 1387 1389 in
1419 1368 1529 1401 marg.

850 1410 908 1444 ed.
925 1410 1033 1444 Paris.
1056 1422 1069 1443 1
1080 1413 1099 1445 6
1110 1423 1164 1456 17.
1187 1428 1200 1440 ιι
1216 1411 1403 1455 Discingere
1419 1408 1532 1443 edidit

851 1463 1069 1497 Scriverius:
1088 1472 1196 1497 recte.
1221 1464 1357 1496 Tamen
1390 1461 1533 1496 damnat

854 1517 984 1562 Cuper.
1006 1516 1092 1550 Ohs.
1112 1517 1178 1558 IV,
1203 1516 1220 1550 5
1235 1541 1244 1557 ‚
1265 1528 1438 1561 reponere
1457 1523 1535 1549 ten-

851 1577 926 1603 tans
942 1570 1146 1614 destringere.
1165 1569 1307 1603 Nullam
1324 1581 1464 1602 causam
1480 1569 1535 1603 vi-

852 1622 920 1656 deo
937 1635 1000 1656 cur
1018 1623 1193 1668 discingere
1208 1621 1390 1668 displiceat
1405 1621 1534 1656 adeo...

854 1674 964 1709 Vides
977 1676 1151 1720 discingere
1160 1676 1296 1709 moveri
1310 1688 1385 1709 non
1398 1675 1536 1709 debuis-

854 1741 902 1762 se.
926 1746 938 1758 u
960 1730 1011 1761 De
1036 1729 1139 1775 Rooy.
1159 1750 1211 1755 ——
1230 1730 1430 1773 Discingere.
1458 1728 1535 1761 Hoc

854 1789 925 1822 est,
945 1782 1098 1826 stragula
1116 1783 1310 1822 lectorum,
1329 1782 1460 1827 quibus
1478 1793 1536 1815 ac-

855 1835 1076 1877 cumbebant,
1087 1835 1287 1880 subripere:
1300 1835 1355 1868 vel
1366 1835 1455 1868 forte
1466 1847 1536 1868 me-

855 1887 944 1929 lius,
964 1887 1109 1921 laminas
1137 1900 1258 1921 aureas
1279 1888 1334 1921 vel
1360 1895 1537 1933 argenteas

856 1941 957 1974 lectis
977 1939 1160 1974 deradere.

917 2007 929 2027 1
941 1998 975 2034 4.
1008 1994 1250 2040 illensarumque
1278 1994 1385 2039 pedes.
1427 1994 1541 2027 Ebur-

858 2059 942 2080 neos
961 2046 1150 2089 nimirum;
1169 2055 1231 2080 aut
1249 2047 1366 2092 potius
1383 2047 1539 2092 intellige

859 2100 902 2133 ab
923 2100 1144 2146 Hermogene
1177 2108 1356 2145 argenteas
1385 2101 1541 2134 bracteas

859 2165 1055 2186 mensarum
1077 2153 1226 2199 pedibus
1248 2152 1385 2186 derasas
1411 2153 1515 2187 fuisse
1529 2178 1539 2194 ‚

860 2207 921 2239 lib.
936 2206 1043 2247 VIH,
1063 2206 1172 2252 epigr.
1196 2219 1332 2247 xxxur,
1352 2219 1403 2240 vs.
1426 2209 1458 2240 (j.

920 2259 977 2292 15.
1018 2260 1216 2305 Spectacula.
1252 2259 1470 2305 Spectatores
1504 2259 1541 2292 in

862 2312 1017 2346 theatris.

920 2378 933 2398 ῐ
944 2368 963 2399 6
972 2391 978 2397 .
995 2365 1076 2398 Vela
1088 2365 1289 2399 reducuntur.
1303 2365 1381 2399 Lib.
1393 2365 1446 2398 IX
1457 2391 1466 2405 ‚
1485 2377 1540 2410 ep.

862 2430 1016 2460 xxx1x‚v.
1028 2419 1154 2452 6.Vela
1162 2428 1278 2452 autem
1289 2419 1544 2463 colligebantur

864 2483 910 2504 ne
933 2473 975 2505 ab
998 2472 1217 2517 Hermogene
1237 2472 1512 2517 surriperentur.

924 2538 937 2558 1
947 2526 981 2558 8.
995 2526 1113 2558 Paruit
1127 2526 1352 2570 Hermogenes.
1365 2524 1408 2557 H.
1425 2537 1454 2558 e.
1472 2524 1545 2570 Ap-

866 2578 994 2624 paruit.
1008 2577 1212 2611 Notandum
1227 2591 1369 2622 prorsus
1385 2577 1541 2610 verbum.

927 2643 938 2663 1
949 2646 982 2675 9.
1008 2632 1162 2675 Linigeri.
1183 2629 1286 2665 Isidis
1304 2630 1362 2664 hic
1383 2630 1545 2665 sacerdo-
