1901 3259
315 227 900 272 EPIGRAMMATUM
937 231 1063 272 LIB.
1102 232 1238 274 XIV.

1386 250 1474 277 211

599 377 949 435 LXXXII.

681 535 876 565 SCOPAE.

145 656 202 700 ΙΝ
227 657 369 716 pretio
396 673 549 718 scopas
574 667 758 702 testatur
779 659 924 720 palma
947 661 1096 717 fuisse3

217 727 319 770 Otia
346 727 421 770 sed
445 728 587 788 scopis
611 745 728 789 nunc
752 729 947 775 analecta
971 731 1150 777 dabunt.

146 849 206 908 Ως
239 861 461 919 πολύτιμον
485 867 624 920 χρῆμα
650 860 769 922 σάρον
796 863 915 913 πέλε,
948 864 1103 924 μάρτυς
1128 870 1148 908 ὁ
1174 864 1301 924 φοῖνιξ

252 928 307 979 ςί·
335 931 593 990 κατήργησαν
618 937 683 973 νῦν
716 926 755 973 δ’
782 932 984 977 &velem-oc
1009 935 1142 994 σάρον.

132 1085 162 1106 1.
182 1074 222 1106 In
236 1076 351 1119 pretio.
369 1073 398 1106 E
413 1074 527 1119 palma
543 1074 637 1107 enim
655 1075 753 1108 factae

75 1138 188 1172 scopae
200 1151 209 1168 ,
229 1126 356 1171 quibus
376 1127 618 1172 pavimentum
635 1139 753 1161 verre·

74 1179 190 1221 batur,
209 1191 297 1213 carae
313 1188 424 1213 erant.
442 1179 608 1213 Horatius
626 1180 753 1214 :«Ten’

76 1231 212 1278 lapides
226 1232 339 1266 varios
355 1233 528 1266 lutulenta
543 1232 665 1267 radere
681 1234 753 1279 pal-

76 1285 155 1319 ma?
175 1302 188 1314 n

132 1350 164 1371 2.
186 1338 267 1371 Otia
281 1337 337 1370 sed
351 1341 470 1383 scopis,
490 1347 554 1372 ete.
570 1338 626 1371 Sic
643 1351 660 1372 e
677 1339 750 1372 MS.

76 1390 213 1424 Beverl.
234 1402 354 1424 recens
375 1389 460 1424 editi
482 1391 575 1424 libri.
596 1391 663 1424 Sed
676 1405 751 1436 pre-

78 1446 154 1476 tium
181 1442 262 1477 edd.
285 1451 371 1477 vett.
398 1451 433 1477 et
455 1444 601 1477 Farnab.
627 1445 673 1478 Et
693 1445 752 1478 hic

77 1495 304 1538 Calderinus,
323 1496 384 1541 qui
411 1495 516 1530 codd.
539 1497 750 1543 scripturam

75 1549 380 1582 vehementissime
401 1548 570 1583 defendit.
587 1567 601 1579 «
616 1549 683 1583 Sed
696 1564 748 1595 pr.

76 1601 182 1635 codd.
212 1602 362 1648 antiqui.
391 1602 461 1635 Aiii
486 1602 618 1636 habent
646 1603 750 1636 Otia.-

76 1654 137 1688 sed
159 1654 325 1688 mendosa
349 1655 523 1700 scriptura
527 1682 611 1689 .....
633 1654 748 1689 Codd.

76 1707 186 1741 ferme
207 1720 328 1741 omnes
353 1707 420 1741 Sed
433 1721 485 1753 pr.
509 1708 660 1750 habent,
679 1722 750 1742 non

81 1760 160 1793 Otia
186 1774 197 1793 :
215 1769 250 1794 et
269 1761 316 1794 ita
337 1769 388 1794 est
407 1760 543 1806 legend.
566 1778 579 1790 ιι
596 1783 647 1788 —-
660 1762 752 1794 Ana-

78 1813 166 1846 lecta.
190 1814 266 1847 Hoc
284 1823 352 1855 est,
367 1813 523 1859 reliquiae
542 1826 668 1855 coenae;
687 1815 748 1848 lib.

79 1866 170 1908 VII,
191 1866 302 1912 epigr.
333 1879 374 1899 xx
393 1878 401 1899 :
418 1884 431 1896 n
452 1867 624 1912 Colligere
649 1868 751 1912 longa

78 1927 181 1964 turpe
204 1931 270 1952 nec
293 1927 392 1965 putat
417 1918 537 1953 dextra
563 1921 729 1954 Analecta
743 1947 752 1961 ‚

78 1971 251 2017 quicquid
279 1981 312 2005 et
339 1985 440 2005 canes
473 1972 710 2018 reliquerunt.
732 1991 744 2002 n

79 2024 204 2058 Sensus
221 2037 304 2070 ergo
320 2025 385 2058 erit
405 2025 433 2058 si
449 2029 584 2070 pretium
600 2026 636 2058 in
654 2034 751 2059 textu

78 2077 262 2123 reliqueris
279 2090 288 2111 :
307 2078 496 2123 Scoparum
516 2079 668 2124 pretium
687 2092 751 2112 au-

79 2130 243 2175 gebitur,
257 2139 382 2176 utpote
399 2131 526 2176 quibus
542 2132 751 2178 colligentur

79 2183 242 2217 analecta.
254 2184 441 2217 Petronius
451 2184 488 2217 in
502 2185 753 2219 ConvivioTri-

80 2236 262 2270 malcionis
285 2249 292 2269 :
310 2253 324 2265 v
340 2238 550 2283 Insequutus
580 2247 631 2271 est
650 2239 749 2271 lecti-

81 2289 213 2330 carius,
234 2298 486 2336 argentumque
505 2291 596 2324 inter
617 2292 752 2337 reliqua

80 2351 308 2387 purgamenta
323 2343 437 2388 scopis
452 2344 556 2389 coepit
573 2357 746 2379 verrere.»

82 2396 126 2428 At
151 2395 178 2428 si
198 2394 418 2440 adoptaveris
440 2396 529 2435 Otia,
556 2397 751 2444 intelligen-

82 2445 169 2480 dum
199 2448 450 2481 est:Analecta
476 2448 613 2483 dabunt
640 2451 752 2496 scopis

83 2500 153 2532 otia
164 2524 173 2541 ,
188 2512 298 2544 quum
308 2513 364 2540 ea,
376 2501 413 2533 in
426 2503 627 2546 pavimento
643 2516 661 2536 e
677 2516 753 2548 par-

84 2552 135 2586 vis
154 2553 290 2586 testulis
309 2553 420 2586 efficta
433 2579 444 2595 ,
461 2555 540 2587 talia
562 2556 694 2596 forent,
714 2564 751 2589 ut

85 2605 198 2651 scopis
219 2606 331 2639 everri
354 2606 451 2639 nullo
469 2607 576 2641 modo
597 2611 751 2651 valeant,

86 2666 119 2690 et
152 2657 229 2692 ideo
261 2659 332 2692 otia
359 2659 472 2705 scopis
505 2659 587 2693 dare
615 2672 753 2695 necesse

813 1076 868 1109 sit.
889 1076 966 1109 Hoc
985 1078 1176 1123 pavimenti
1196 1092 1305 1125 genus
1322 1095 1340 1116 a
1357 1084 1488 1120 Graecis

812 1127 942 1162 dicitur
957 1131 1140 1175 ἀσείρωτον,
1153 1132 1251 1178 quod
1264 1135 1380 1180 scopis
1394 1139 1487 1172 verri

811 1194 881 1214 non
900 1181 1038 1217 debeat,
1057 1184 1108 1217 Ita
1128 1185 1324 1220 Alexander
1342 1189 1384 1222 ab
1409 1191 1487 1224 Ale-

811 1233 963 1274 xandro,
979 1236 1041 1269 lib.
1066 1237 1117 1269 IV
1127 1238 1324 1274 Genialium
1341 1242 1487 1277 Dierum

812 1300 888 1333 cap.
913 1301 969 1321 21.
998 1289 1130 1331 Quem,
1150 1291 1300 1338 antiquae
1327 1294 1488 1330 lectionis

810 1350 1050 1386 propugnator
1071 1343 1197 1377 frustra
1219 1347 1402 1381 confutare
1431 1363 1488 1395 ag-

810 1392 971 1437 greditur
992 1395 1041 1428 sic
1062 1396 1274 1432 Calderinus
1295 1412 1301 1433 z
1321 1399 1356 1433 Si
1372 1414 1488 1448 scopae

808 1447 879 1491 jam
913 1457 1045 1481 cessant
1058 1475 1067 1489 ,
1094 1462 1159 1483 nec
1183 1450 1292 1485 ullum
1324 1464 1488 1498 praestant

811 1512 910 1533 usum
923 1525 933 1541 ,
963 1513 1025 1533 cur
1052 1501 1243 1537 mittuntur
1272 1506 1315 1539 ab
1344 1508 1456 1541 amico
1471 1509 1485 1541 Ρ

810 1552 913 1586 Prior
932 1553 1048 1599 itaque
1066 1554 1169 1589 lectio
1189 1557 1314 1591 melior
1335 1559 1485 1594 videtur.

809 1605 960 1650 —Legit
976 1606 1155 1651 ingeniose
1173 1609 1252 1643 satis
1271 1610 1486 1655 Scriverius,

812 1657 892 1690 Otia
913 1658 970 1690 sed
985 1662 1084 1705 scopis
1109 1673 1189 1693 nunc
1214 1664 1357 1696 analecta
1384 1665 1483 1699 dabit.

809 1710 910 1744 Servi
930 1710 1070 1756 quidam
1093 1714 1256 1749 analectae
1275 1715 1363 1750 dicti
1385 1728 1485 1761 sunt,

808 1763 867 1808 qui
889 1764 1052 1810 reliquias
1071 1778 1090 1799 e
1108 1779 1224 1801 mensa
1246 1768 1428 1813 cadentes,
1450 1782 1485 1806 et

809 1829 885 1861 quae
898 1817 1104 1862 pretiosiora
1118 1829 1230 1854 essent
1243 1823 1357 1867 scopis
1366 1849 1375 1865 ,
1387 1825 1482 1858 colli-

807 1870 933 1913 gebant
945 1895 955 1910 ,
968 1878 1002 1903 et
1013 1871 1210 1917 pavimenta
1219 1876 1370 1920 spongiis
1381 1890 1483 1912 mun-

808 1921 1226 1959 dabant.-Deomnibus
1235 1927 1289 1961 his
1296 1928 1323 1962 si
1333 1929 1418 1974 quid
1430 1931 1487 1965 de-

808 1987 880 2008 nuo
897 1976 1001 2009 statui
1020 1986 1161 2023 rogatus
1177 1993 1255 2021 em,
1276 1981 1387 2027 legam
1403 1996 1482 2017 cum

809 2028 1024 2062 Beverlando
1039 2031 1129 2064 Otia.
1153 2033 1242 2066 Nam
1261 2035 1374 2079 placet
1393 2049 1485 2083 saepe

808 2081 960 2114 Martiali
982 2083 1162 2117 antithesis
1174 2110 1184 2125 ,
1198 2094 1230 2118 et
1247 2086 1305 2120 hic
1323 2100 1398 2121 eam
1411 2092 1484 2135 pla-

808 2134 917 2168 cuisse
927 2135 1140 2170 credendum
1152 2147 1201 2171 est
1210 2164 1220 2180 ‚
1237 2152 1316 2184 quae
1331 2154 1411 2176 sane
1422 2146 1485 2177 to]-

808 2187 938 2221 leretur
957 2188 984 2221 si
1007 2191 1039 2221 in
1053 2193 1157 2235 predo
1173 2200 1206 2224 et
1222 2193 1279 2224 sed
1289 2196 1425 2238 pretium
1444 2197 1480 2230 in

809 2239 959 2274 disticho
969 2241 1108 2276 sineres.
1123 2244 1168 2277 At
1179 2245 1248 2278 fert
1260 2258 1348 2291 aegre
1359 2248 1484 2282 Caldo-

809 2293 906 2327 rinus
920 2294 1060 2328 missum
1080 2297 1190 2330 amico
1209 2311 1226 2330 a
1242 2307 1343 2344 poeta
1359 2300 1483 2335 inutile

810 2348 953 2381 munus!
968 2360 1094 2394 nempe
1106 2351 1239 2395 spernit
1255 2352 1328 2396 ipse
1349 2351 1483 2388 donum

811 2412 911 2432 suum
936 2401 1031 2446 quod
1053 2403 1237 2447 exiguum,
1255 2404 1349 2449 quod
1379 2406 1483 2441 inane

812 2451 913 2486 diviti
923 2455 1155 2499 pauperculus
1171 2457 1285 2489 offert.
1301 2456 1357 2490 Sic
1372 2459 1482 2505 epigr.

811 2518 894 2538 LXVI
914 2507 1105 2541 mamillare
1123 2507 1300 2552 quoddam
1322 2509 1457 2545 donum
1475 2535 1484 2551 ,

811 2558 936 2592 inutile
963 2559 1031 2592 ait:
1057 2577 1071 2589 «
1087 2560 1242 2593 Taurino
1264 2570 1401 2606 poteras
1423 2577 1484 2610 pe-

812 2619 887 2644 ctus
901 2613 1138 2656 constringere
1151 2621 1266 2658 tergo;
1282 2614 1370 2648 Nam
1384 2618 1482 2661 pellis

813 2676 977 2697 mammas
994 2677 1065 2698 non
1085 2666 1178 2710 capit
1191 2666 1255 2698 ista
1269 2673 1353 2700 tuas.
1372 2686 1384 2697 n

1199 2719 1281 2774 ¹4²
