2044 3292
509 262 570 306 62

888 264 949 305 M.
974 263 1115 306 VAL.
1156 263 1542 306 MARTIALIS

1101 414 1323 469 LXVI.

998 570 1068 597 An
1116 549 1436 598 Amanium*

580 698 656 739 Bis
684 692 999 754 quinquagenis
1029 691 1187 735 domus
1214 700 1280 735 est
1307 691 1386 735 tibi
1412 690 1603 736 millibus
1630 703 1797 754 empta,

649 763 851 808 Vendere
876 778 1006 823 quam
1030 777 1200 806 summa
1224 761 1294 805 vel
1317 761 1518 806 breviore
1546 764 1680 824 cupis.

584 838 686 879 Arte
711 833 787 878 sed
817 842 1060 894 emptorem
1090 831 1213 876 vafra
1245 833 1515 894 corrumpis,
1540 835 1746 887 Amoene,

650 907 709 948 Et
737 920 836 948 casa
864 903 1021 948 divitiis
1047 902 1272 947 ambitiosa
1299 901 1414 947 latet.

580 977 864 1020 Gemmantes
893 976 1033 1036 prima
1060 973 1230 1036 fulgent
1256 973 1472 1018 testudine
1499 973 1620 1028 lecti,

650 1048 707 1090 Et
731 1047 997 1089 Maurusiaci
1022 1044 1219 1106 pondera
1249 1060 1347 1088 rara
1370 1045 1479 1089 citri.

581 1120 823 1178 Argentum
849 1125 978 1176 atque
1006 1132 1161 1159 aurum
1187 1132 1276 1159 non
1300 1114 1481 1176 simplex
1497 1114 1712 1177 Delphica
1732 1124 1900 1176 portat,

651 1190 777 1232 Stant
798 1188 948 1248 pueri,
969 1186 1169 1230 dominos
1191 1202 1299 1246 quos
1320 1202 1473 1247 precer
1492 1202 1584 1230 esse
1608 1202 1740 1230 meos.

566 1323 869 1360 'Fraudulentum
889 1324 1108 1359 venditorem
1128 1323 1188 1358 de-

513 1381 651 1420 scribit,
675 1380 737 1425 qui
757 1378 942 1425 deceptus,
963 1378 1054 1412 male
1080 1385 1190 1411 mate-

514 1435 639 1468 riatam
667 1432 833 1475 domum,
859 1440 1001 1465 centum
1032 1431 1190 1464 millibus

516 1488 586 1522 HS.
599 1494 729 1520 emerat
740 1512 749 1526 ‚
759 1498 863 1531 quam
872 1485 928 1519 vel
939 1484 1190 1531 quinquaginta

518 1540 694 1574 venditam
715 1539 887 1585 cupiebat.
904 1540 937 1572 Is
959 1551 1042 1583 ergo
1060 1546 1099 1571 ut
1118 1550 1189 1571 em-

517 1594 610 1641 ptori
641 1594 776 1626 fumum
799 1591 985 1633 venderet,
1010 1603 1114 1624 aurea
1136 1603 1191 1623 ar-

516 1655 707 1693 genteaque
716 1645 924 1692 supellectili
937 1644 1081 1678 domum
1093 1655 1192 1677 orna·

516 1701 567 1735 vit
583 1725 592 1739 ,
633 1700 799 1744 illamque
836 1697 996 1732 ducentis
1038 1697 1191 1730 millibus

518 1753 711 1788 aestimavit.
737 1753 842 1786 Poeta
877 1751 946 1792 ait,
972 1751 1034 1784 vili
1062 1750 1192 1784 instru-

517 1816 609 1842 ctam
636 1805 780 1840 domum
800 1804 931 1846 vendi3
959 1803 1021 1838 sed
1048 1815 1194 1837 vacuam

519 1873 598 1894 caro
617 1859 733 1893 nimis.
753 1857 859 1892 AEdes
883 1866 998 1891 autem
1026 1869 1098 1889 non
1122 1864 1195 1890 erat

519 1926 600 1948 cum
621 1912 837 1946 ornamentis
853 1910 1060 1945 venditurus
1079 1911 1195 1942 Amoe-

519 1980 585 2000 nus
598 1964 680 2007 ,sed
704 1977 828 1999 vacuas
843 1977 851 1999 :
869 1972 1073 1999 ornamenta
1084 1975 1195 2009 appo-

520 2020 611 2061 suit,
634 2027 675 2052 ut
702 2019 869 2063 objiceret
895 2029 1008 2052 escam
1033 2015 1195 2062 emptori.

519 2073 636 2107 Ruder.

580 2138 610 2160 1.
629 2125 689 2158 Bis
705 2125 944 2171 quinquagenis.
963 2123 1099 2169 Nempe
1119 2122 1196 2155 mil-

522 2180 613 2213 libus
628 2178 841 2212 sestertium.
855 2176 961 2218 Quod
973 2175 1059 2222 quid
1071 2176 1198 2209 efficiat

523 2232 668 2266 Gallicae
685 2238 835 2264 monetae
853 2231 880 2264 si
904 2242 1006 2263 nosse
1024 2229 1126 2271 velis,
1142 2227 1198 2262 adi

522 2285 566 2319 ad
577 2285 707 2319 calcem
720 2284 851 2317 volum.
866 2283 971 2329 primi
981 2283 1113 2317 tabulas
1126 2295 1199 2315 mo-

521 2347 694 2373 netarum.
717 2337 784 2370 En.

579 2404 610 2424 2.
635 2390 826 2435 Cot-rumpis.
848 2389 925 2423 Hoc
946 2397 1018 2428 est,
1040 2387 1196 2428 deludis,

523 2445 643 2485 vitias,
660 2443 703 2477 ad
731 2443 849 2476 falsam
876 2441 972 2475 domi
1001 2441 1197 2476 aestimatio-

523 2511 604 2533 nem
624 2496 743 2530 trahis.

580 2556 612 2591 4.
629 2551 715 2583 Licet
735 2547 813 2583 cod.
838 2545 974 2581 Beverl.
990 2568 1042 2574 —
1055 2547 1088 2579 E
1092 2554 1102 2577 t
1124 2560 1198 2579 casa

524 2607 659 2643 divitiis,
680 2611 745 2636 etc.
760 2602 803 2635 Et
820 2600 966 2635 domum
983 2600 1114 2633 nullius
1133 2611 1198 2645 per

521 2672 556 2693 se
582 2656 686 2704 pretii
713 2655 855 2688 instruis
875 2654 1030 2700 pretioso
1049 2661 1175 2686 ornatu
1189 2679 1198 2690 ,

522 2724 592 2748 ouo
611 2710 654 2743 sit
669 2708 836 2742 venalior.

576 2764 608 2798 5.
628 2762 827 2796 Gemmantes
841 2764 957 2805 prima.
978 2759 1129 2792 Primam
1141 2766 1190 2792 te·

1248 1323 1428 1358 studinem
1439 1325 1601 1370 intelligit
1611 1324 1925 1366 Raderus‚atrium,

1249 1387 1282 1411 et
1310 1377 1521 1411 vestibulum
1551 1377 1678 1411 aedium
1690 1404 1699 1418 ‚
1726 1377 1790 1411 ubi
1811 1390 1922 1424 pone-

1247 1431 1377 1464 bantur
1397 1431 1477 1465 leeti
1497 1432 1658 1477 geniales.
1680 1431 1865 1466 Horatius,
1885 1431 1902 1464 Ι
1915 1457 1924 1472 ,

1254 1496 1285 1525 1,
1299 1485 1346 1528 87
1359 1495 1367 1517 ε
1385 1484 1534 1517 «Lectus
1544 1485 1687 1530 genialis
1696 1484 1732 1518 in
1745 1484 1821 1518 aula
1834 1492 1894 1517 est.
1907 1501 1920 1513 ι

1250 1537 1354 1570 Forte
1366 1537 1493 1570 melius
1509 1537 1681 1584 intelliges
1695 1538 1803 1572 lectos
1821 1549 1924 1571 orna-

1250 1598 1303 1623 tos
1321 1589 1495 1624 testudine
1513 1591 1628 1636 prima
1642 1616 1651 1632 ,
1672 1591 1741 1624 hoc
1760 1599 1830 1632 est,
1850 1603 1925 1624 om-

1249 1643 1351 1676 nium
1389 1644 1637 1689 pretiosissima
1667 1656 1676 1677 :
1713 1652 1926 1690 gemmantes

1249 1708 1333 1730 vero
1348 1695 1437 1730 dixit
1448 1719 1457 1735 ‚
1473 1696 1571 1743 quod
1587 1698 1731 1743 gemmis
1745 1704 1858 1730 essent
1873 1697 1925 1730 lo·

1250 1749 1414 1795 cupletati
1443 1750 1493 1783 illi
1515 1750 1598 1789 tori,
1619 1750 1674 1784 vel
1697 1749 1792 1796 quod
1814 1757 1927 1784 essent

1250 1801 1526 1849 pavonini.Vide
1536 1803 1598 1837 lib.
1611 1804 1710 1844 XIV,
1720 1803 1925 1849 epigramm.

1251 1869 1382 1897 mxxv,
1407 1864 1442 1889 et
1465 1856 1526 1890 lib.
1554 1857 1630 1896 III,
1661 1856 1772 1902 epigr.
1804 1868 1897 1890 Lvu1
1915 1880 1925 1898 ,

1257 1927 1270 1939 «
1287 1909 1518 1955 Gemmeique
1536 1922 1702 1955 pavones.
1723 1926 1737 1938 n

1308 1965 1343 1996 6.
1361 1963 1409 1995 Et
1427 1962 1635 1995 Maurusiaci.
1658 1963 1703 1996 Et
1724 1974 1853 1996 mensae
1875 1960 1924 1995 ci-

1254 2025 1335 2049 treae
1354 2015 1612 2061 pretiosissimae
1630 2028 1671 2048 ex
1692 2014 1900 2048 Mauritania
1915 2039 1924 2055 ,

1254 2068 1298 2102 de
1313 2069 1441 2114 quibus
1458 2068 1518 2102 lib.
1539 2069 1596 2109 H,
1611 2068 1719 2114 epigr.
1734 2080 1837 2101 xL111.
1852 2067 1925 2101 Ho-

1254 2122 1362 2155 ratius
1374 2122 1436 2154 lib.
1452 2122 1507 2162 ΙΙ,
1526 2120 1584 2155 od.
1601 2133 1695 2154 xvni
1707 2147 1715 2162 ,
1728 2134 1777 2154 vs.
1795 2120 1834 2162 3,
1854 2125 1874 2161 4
1892 2128 1926 2153 et

1259 2175 1276 2209 5
1289 2187 1296 2208 2
1313 2175 1413 2208 «Non
1426 2175 1538 2208 trabes
1553 2174 1739 2220 Hymettiae
1758 2174 1927 2207 Premunt

1256 2228 1434 2261 columnas
1455 2227 1574 2261 ultima
1595 2228 1720 2261 recisas
1737 2227 1865 2260 Africa.
1882 2243 1896 2256 ι

1311 2293 1344 2325 7.
1359 2281 1434 2314 Non
1446 2281 1576 2325 simplex
1585 2281 1752 2326 Delphica.
1768 2275 1845 2313 Hoc
1859 2287 1926 2320 est,

1256 2342 1377 2368 ornata
1416 2333 1553 2367 laminis
1586 2334 1660 2366 auri
1694 2332 1748 2366 vel
1781 2332 1925 2378 argenti.

1257 2386 1434 2433 Delphicae
1448 2398 1591 2427 mensae,
1607 2386 1721 2431 inquit
1737 2384 1926 2425 Heraldus,

1256 2452 1457 2473 marmoreae
1487 2447 1602 2480 erant,
1625 2447 1663 2472 ut
1689 2438 1852 2484 colligere
1877 2445 1929 2471 est

1256 2506 1298 2527 ex
1327 2493 1495 2526 Cicerone
1525 2492 1587 2524 lib.
1604 2492 1675 2532 VI,
1699 2490 1734 2524 in
1765 2492 1926 2525 Verrem.

1257 2545 1439 2591 Cujacius‚
1467 2545 1528 2578 lib.
1561 2545 1595 2577 X
1618 2543 1927 2584 Observationum,

1256 2611 1332 2644 cap.
1358 2598 1401 2632 13
1417 2624 1426 2639 ,
1453 2597 1496 2631 de
1518 2598 1696 2644 Delphicis
1718 2609 1819 2642 agens
1841 2609 1925 2642 pro-

1255 2652 1314 2686 bat
1340 2651 1445 2685 fuisse
1471 2652 1594 2684 abacos
1620 2663 1660 2684 ex
1694 2650 1821 2696 quibus
1846 2649 1925 2682 vina

1255 2705 1547 2738 ministrarentur.

1307 2760 1339 2792 8.
1365 2759 1534 2797 Dominos,
1558 2764 1624 2790 etc.
1646 2755 1802 2789 Amasios
1825 2767 1924 2787 nem·
