1901 3259
312 167 898 212 EPIGRAMMATUM
937 167 1062 210 Llss.
1105 168 1251 210 XIII.

1393 168 1484 227 149

715 298 845 354 CII.

505 444 698 473 GARUM
736 443 1029 473 somonum.
1049 423 1065 440 *

147 536 452 578 ExspmANTis
479 533 622 577 adhuc
648 533 837 577 scombri
867 532 920 576 (le
945 533 1154 593 sanguine
1177 534 1318 592 primo
1334 568 1344 587 ,

217 604 378 664 Accipe
408 603 617 648 fastosum
647 619 827 647 munera
854 619 954 647 cara
981 619 1146 664 garum.

148 693 355 757 Σκόμέρου
386 697 435 740 ἴθ’
464 697 683 757 ἡμιθνῆτος
714 691 976 746 αἶπος-σίζοντα
1006 697 1139 755 φόνοιο

217 768 495 828 Πρωτοτύπου
524 762 658 820 δέξαι,
689 768 803 826 τίμια
835 761 967 827 δῶρα,
995 766 1130 827 γάρον.

130 859 143 873 ’“
169 863 291 898 Garum
319 864 527 896 scombrorum
557 862 612 897 ed.
644 863 750 896 Paris.

85 920 190 961 1617,
213 925 247 950 et
271 917 418 950 Farnab.
450 925 484 950 et
502 917 601 951 Barb.
625 917 751 950 Nostra

79 970 157 1003 lect.
180 978 230 1003 est
248 969 284 1002 in
299 969 376 1003 MS.
398 970 532 1003 Beverl.
556 969 680 1003 melius
699 982 752 1003 se-

78 1021 233 1056 eundum
255 1022 359 1056 Plinii
380 1023 486 1056 verba
505 1035 512 1056 :
537 1035 628 1056 nova
656 1022 750 1056 enim

79 1075 252 1121 Carthago
272 1076 309 1109 in
330 1075 498 1121 Hispania
512 1076 752 1109 Tarraconen-

79 1129 107 1161 si
141 1129 433 1163 Contestanorum
464 1129 637 1162 maritima
668 1129 752 1162 urbs

79 1193 183 1228 quam
221 1182 403 1228 Appianus
439 1182 639 1216 Antoninus
651 1207 660 1223 ,
694 1182 752 1215 alii

79 1234 323 1280 Carthaginem
337 1235 546 1281 Spartariam
561 1236 633 1269 sive
645 1239 753 1281 Σπαρ-

81 1290 197 1333 ταγένη
220 1289 487 1334 cognominant,
502 1289 674 1335 optimum
694 1301 752 1333 ga-

80 1353 157 1374 rum
176 1342 314 1386 peperit
326 1366 336 1382 ‚
356 1350 390 1375 et
407 1343 646 1375 Romanorum
662 1341 753 1375 socia

81 1397 169 1434 era‘t3
183 1402 217 1427 et
237 1407 356 1440 supra,
380 1395 488 1441 epigr.
506 1407 572 1428 xL:
592 1413 604 1425 «
620 1395 752 1439 Hespe-

81 1447 151 1480 rius
165 1447 317 1480 scombri
331 1455 498 1494 temperet
514 1461 579 1482 ova
596 1448 747 1493 liquor.»

132 1521 185 1527 --
200 1500 321 1534 Garum
334 1503 496 1534 sociorum.
514 1502 565 1535 De
586 1514 669 1547 garo
687 1502 754 1534 sal-

82 1561 234 1587 samento
262 1553 335 1588 vid.
360 1554 553 1595 Ausonius,
578 1554 679 1600 epist.
710 1553 753 1587 ad

83 1606 425 1648 Paulliuum,1sidor.
437 1607 497 1640 lib.
512 1608 592 1648 XX,
605 1615 638 1640 et
650 1607 754 1640 Athe-

84 1671 175 1692 naeus
187 1685 195 1700 ‚
213 1659 436 1705 Dipnosoph.
455 1660 516 1693 lib.
534 1660 587 1701 II,
607 1673 648 1693 ex
667 1660 752 1693 Cra-

83 1712 157 1744 tino
184 1720 218 1745 et
246 1712 432 1757 AEschylo,
465 1720 499 1745 et
533 1712 593 1745 lib.
628 1713 679 1745 IX
710 1711 754 1745 de

86 1765 311 1798 Ponticorum
332 1778 485 1811 oxygaro
503 1762 609 1809 (garo
629 1777 755 1810 nempe

84 1817 182 1862 quod
201 1826 300 1851 aceto
319 1816 563 1858 miscebatur).
584 1818 650 1851 Hic
664 1820 755 1863 juva-

86 1870 136 1903 bit
150 1871 208 1904 illa
219 1879 354 1904 tantum
365 1871 551 1916 subjecisse
562 1884 638 1916 quae
654 1871 754 1916 epist.

86 1923 131 1966 95
166 1923 295 1957 Seneca
311 1950 320 1962 ‚
350 1923 675 1957 delicatissimorum
705 1923 754 1956 ci-

86 1977 211 2009 borum
230 1977 318 2009 mala
337 1989 543 2010 enumerans
561 1988 568 2009 z
592 1995 604 2006 «
630 1975 726 2018 Quid
742 1976 756 2009 Ξ)

86 2028 175 2062 illud
199 2030 372 2063 sociorum
399 2043 540 2075 garum,
568 2030 756 2075 pretiosam

87 2083 256 2115 malorum
274 2083 418 2129 piscium
434 2083 564 2116 saniem
576 2109 584 2125 ‚
600 2096 671 2116 non
687 2095 758 2116 cre-

87 2133 139 2168 dis
164 2147 265 2168 urere
290 2136 376 2169 salsa
403 2136 481 2169 tabe
511 2135 723 2181 praecordia?
739 2153 753 2164 ι»

88 2196 121 2220 et
137 2188 275 2222 Plinius
292 2189 354 2222 lib.
370 2189 513 2228 XXXI,
533 2201 607 2234 cap.
627 2202 647 2234 7
667 2198 700 2222 et
714 2191 756 2223 8:

93 2258 105 2271 a
118 2240 223 2274 Aliud
237 2241 424 2275 etiamnum
439 2241 583 2287 liquoris
596 2241 758 2287 exquisiti

88 2306 215 2338 genus,
230 2293 326 2340 quod
339 2307 448 2340 garon
466 2307 653 2334 vocavere,
672 2295 761 2328 inte-

88 2347 186 2379 stinis
201 2347 368 2392 piscium,
384 2348 585 2393 caeterisque
603 2361 680 2394 quae
699 2348 760 2381 ab·

86 2398 237 2443 jicienda
248 2409 361 2434 essent
371 2402 439 2434 sale
454 2401 648 2443 maceratis,
662 2408 699 2434 ut
718 2401 763 2434 sit

91 2452 146 2485 illa
163 2453 435 2497 putrescentium
448 2454 568 2487 sanies.
584 2455 660 2487 Hoc
679 2454 762 2487 olim

91 2505 344 2539 conficiebatur
362 2518 402 2538 ex
422 2506 535 2551 pisce,
552 2520 653 2552 quem
668 2507 762 2540 Grae-

91 2558 119 2591 ci
132 2571 239 2603 garon
255 2559 434 2591 vocabant.
452 2559 553 2592 Nunc
569 2573 586 2593 e
599 2561 760 2593 scombro

94 2611 186 2655 pisce
200 2610 472 2645 laudatissimum
490 2612 526 2645 in
545 2613 763 2657 Carthaginis

813 863 997 908 Spartariae
1016 864 1172 897 cetariis:
1190 865 1365 896 sociorum
1382 863 1418 896 id
1431 876 1486 909 ap-

812 916 976 961 pellatur.
1008 916 1163 961 Singulis
1192 916 1349 949 millibus
1385 929 1487 949 nuin-

810 982 907 1002 mum
927 969 1206 1014 permutantibus
1225 969 1366 1014 congios
1388 982 1488 1014 paene

811 1022 934 1064 binos,
963 1030 1028 1055 etc.
1053 1039 1066 1051 »
1098 1022 1182 1055 Gari
1213 1030 1327 1055 autem
1361 1034 1487 1066 genere

810 1075 908 1110 fuere
920 1074 1116 1120 compluria
1127 1101 1135 1116 ,
1146 1075 1217 1108 scil.
1229 1073 1469 1121 hydrogarum
1479 1101 1487 1116 ,

811 1141 1013 1174 oenogarum
1025 1153 1034 1169 ,
1052 1140 1261 1173 oxygarum,
1281 1128 1486 1172 elaeogarum

810 1182 864 1214 vel
889 1181 1092 1226 garelaeum,
1114 1189 1222 1226 prout
1248 1193 1326 1214 cum
1349 1193 1390 1214 eo
1423 1181 1488 1213 mi-

810 1235 998 1268 scebantur
1008 1247 1095 1280 aqua
1103 1229 1357 1280 (ὕδωρ),νὶηιπι]
1366 1230 1488 1274 (οἶνος),

811 1296 944 1321 acetum
965 1284 1069 1327 (ὄξος)
1082 1313 1091 1329 ,
1110 1288 1227 1320 oleum
1245 1280 1409 1330 (ἔλαιον).

869 1354 899 1374 1.
916 1342 1033 1374 Prono.
1053 1341 1127 1373 MS.
1145 1340 1279 1374 Beverl.
1298 1361 1350 1366 —-
1368 1340 1487 1384 Exspi-

812 1396 911 1427 rantis
927 1393 1041 1425 adhuc.
1058 1394 1168 1426 Docet
1183 1391 1277 1439 quod
1292 1405 1402 1438 genus
1414 1393 1485 1437 gari

812 1447 984 1492 optimum
995 1447 1051 1487 sit,
1062 1447 1259 1480 confectum
1272 1458 1403 1491 nempe
1416 1458 1488 1479 san-

810 1500 915 1545 gnine
932 1499 1084 1533 scombri
1104 1499 1305 1545 palpitantis
1326 1499 1362 1532 in
1380 1497 1488 1532 caede.

867 1566 900 1585 2.
930 1553 1092 1585 Fcecasum
1125 1551 1204 1586 Ald.
1234 1553 1336 1585 Junt.
1369 1552 1485 1586 Colin.

812 1606 959 1638 Farnab.
977 1606 1067 1638 Fast.
1084 1604 1186 1638 codd.
1205 1605 1342 1638 Thuan.
1361 1613 1395 1638 et
1407 1606 1485 1637 Vat.

813 1667 846 1691 et
873 1658 947 1691 MS.
979 1659 1015 1690 in
1042 1670 1147 1703 marg.
1182 1657 1238 1691 ed.
1264 1659 1342 1691 Par.
1380 1660 1483 1701 1617.

813 1712 855 1744 Et
890 1711 1031 1756 utrique
1062 1711 1274 1756 argumentis
1303 1711 1487 1743 lectionem

812 1772 982 1797 asserunt.
1012 1764 1120 1804 Nam,
1153 1764 1198 1798 ait
1224 1764 1400 1796 Domitius
1429 1764 1488 1808 qui

806 1818 957 1859 fiecosum
986 1816 1157 1857 sustinet,
1176 1817 1235 1862 qui
1260 1817 1405 1849 multam
1428 1817 1488 1848 ha-

812 1870 918 1902 bebat
942 1870 1060 1902 faecem
1091 1868 1425 1909 connnendabatur3
1455 1878 1488 1901 et

814 1935 936 1968 garum
955 1922 1044 1954 nihil
1061 1921 1156 1955 aliud
1175 1931 1225 1955 est
1241 1934 1347 1967 quam
1368 1922 1431 1954 faex
1453 1922 1491 1954 li-

816 1988 926 2021 quore
942 1974 1063 2008 denso.
1084 1974 1152 2008 Sed
1171 1975 1298 2008 Junins
1315 1989 1322 2006 :
1340 1975 1409 2015 Qui
1427 1987 1490 2019 po-

816 2029 883 2061 tuit
908 2027 1154 2062 commendare
1175 2040 1297 2073 garum
1321 2027 1487 2060 faeeosum

815 2081 979 2115 rarissimi
1012 2081 1165 2114 muneris
1194 2080 1354 2121 nomine,
1381 2093 1489 2125 quum

817 2133 903 2167 illud
931 2132 1028 2180 qnod
1064 2134 1284 2167 faeculentum
1314 2141 1373 2166 aut
1402 2134 1493 2166 faecis

818 2188 924 2221 instar
943 2188 979 2220 in
999 2187 1152 2232 cophino
1173 2186 1352 2220 delituerit
1369 2211 1377 2226 ‚
1396 2186 1493 2219 hale-

819 2240 866 2274 cis
881 2240 1024 2273 nomine
1039 2247 1277 2286 nuncupatum
1296 2239 1427 2271 fuerit?
1447 2240 1494 2271 Ac

820 2306 865 2327 ne
898 2294 976 2339 quis
999 2294 1156 2336 fitstosum
1181 2301 1318 2338 respuat
1342 2291 1495 2337 elliptice

821 2359 884 2392 pro
899 2348 1064 2389 fizslucso,
1086 2347 1183 2378 velut
1205 2346 1358 2378 alienum
1377 2356 1393 2376 a
1413 2356 1495 2389 poe-

821 2400 896 2433 ticis
916 2400 1072 2432 numeris
1085 2425 1093 2440 ,
1110 2399 1308 2443 exemplum
1328 2409 1367 2428 ex
1385 2398 1495 2429 Luca-

820 2453 856 2486 ni
880 2452 924 2486 ad
944 2453 983 2485 L.
1013 2452 1108 2486 Calv.
1127 2452 1290 2483 Pisonem
1323 2451 1495 2494 opusculo

823 2505 1071 2551 depromptum
1086 2503 1201 2536 audiat
1214 2515 1242 2535 2«
1259 2504 1412 2546 Raraque
1426 2515 1493 2535 non

824 2559 989 2591 lunnilem
1010 2558 1115 2590 calcat
1139 2557 1260 2589 sastosa
1284 2555 1454 2589 clientem.
1486 2574 1490 2583 ι

826 2611 951 2644 Videat
974 2612 1090 2643 lector.

1205 2652 1289 2705 [O3
