1901 3259
334 229 916 274 EPIGRAMMATUM
954 228 1077 270 LIB.
1117 227 1230 269 XII.

1420 224 1484 269 63

150 317 316 363 Deinde
345 317 531 361 ducenta
561 332 710 371 sonas,
730 325 773 359 et
797 315 881 370 ais,
902 330 991 357 non
1017 329 1109 358 esse
1138 313 1329 357 minoris.

218 391 478 432 Instructam
505 386 577 429 vili
604 386 777 442 vendis,
801 387 1002 441 Amoene‚
1023 383 1215 427 domum.

81 541 122 574 pe
138 540 266 574 pueros
278 551 287 568 ‚
298 535 336 560 ut
351 526 460 559 amica
471 525 604 558 dicitur
618 525 754 558 domina.

134 594 168 624 9.
189 580 290 614 Sonus
304 606 312 619 ,
337 588 402 613 etc.
418 578 533 611 Poscis
548 579 715 623 pretium.

137 646 191 667 10.
211 634 401 666 Instructam
422 632 496 664 vili.
520 630 646 665 Sensus
671 638 723 664 est
746 642 754 663 :

79 684 253 731 Equidem
265 710 274 727 ‚
300 698 321 718 o
344 685 490 717 Amoene
501 710 510 724 ‚
538 682 682 717 domum
708 683 756 716 sic

82 738 283 772 instructam
298 746 332 770 et
344 737 600 782 magnificentia
614 736 674 769 tali
691 748 757 769 un-

817 522 922 569 dique
943 521 1270 568 explendescentem
1292 522 1352 555 vili
1375 522 1490 567 pretio

817 575 970 610 vendere
985 575 1132 617 videris3
1147 574 1206 608 sed
1224 587 1331 620 quum
1350 587 1489 608 omnem

816 629 1068 675 supellectilem
1101 636 1204 674 atque
1234 636 1399 661 ornatum
1435 641 1491 661 su-

816 682 974 715 blaturus
988 682 1050 723 sis,
1069 689 1103 715 et
1115 693 1257 715 vacuam
1278 680 1469 715 traditurus
1483 706 1493 722 ‚

819 735 923 769 nimis
937 747 1015 768 cara
1028 742 1079 768 est
1094 743 1153 768 tua
1171 733 1306 768 domus.

645 872 915 926 LXVII.

423 1029 481 1057 IN
528 1027 797 1056 NATALEM
844 1008 1151 1055 ]ν[ΑΒοΝΙε.“ι

289 1157 428 1199 MAIAE
454 1155 725 1199 Mercurium
752 1154 928 1197 creastis
953 1152 1068 1196 Idus.

293 1226 500 1287 Augustis
532 1224 643 1268 redit
665 1224 815 1268 Idibus
842 1224 995 1267 Diana.

292 1297 508 1341 Octobres
528 1297 657 1339 Maro
686 1295 957 1339 consecravit
976 1294 1093 1338 Idus.

290 1367 394 1412 Idus
425 1384 537 1428 saepe
567 1365 683 1410 colas
711 1375 753 1409 et
783 1365 884 1421 1135,
913 1375 956 1408 et
980 1364 1095 1420 illas,

291 1438 379 1495 Qui
409 1438 555 1498 magni
581 1436 771 1481 celebras
797 1436 992 1479 Maronis
1025 1435 1143 1479 Idus.

135 1578 150 1591 *
171 1580 222 1612 De
250 1579 350 1612 idibus
369 1579 453 1612 Maii
477 1578 644 1612 habuere.
675 1575 755 1610 edd.

83 1641 167 1666 vett.
192 1645 312 1666 omnes
341 1640 374 1666 et
398 1632 526 1677 Delph.
555 1632 593 1664 ln
621 1631 756 1662 natalem

87 1686 219 1729 Virgilii
238 1684 292 1718 ed.
313 1685 413 1718 Barb.

135 1739 360 1772 —Celehrat
380 1737 528 1771 natalem
547 1735 707 1781 Virgilii,
724 1744 757 1768 et

84 1790 244 1824 eumdem
266 1789 522 1824 celebrantibus
543 1796 640 1834 optat
661 1788 756 1821 mille

84 1844 225 1877 natales.

144 1909 174 1930 1.
207 1896 316 1930 Μαῖα».
351 1895 526 1929 Ausonius
553 1892 682 1940 Idyllio
713 1892 757 1926 cle

85 1949 180 1982 feriis
207 1949 396 1982 Romanis:
417 1966 430 1978 «
449 1948 493 1981 Et
518 1946 648 1980 medias
674 1945 757 1979 Idus

85 2001 189 2043 Maii,
205 2002 420 2047 Augustique
432 2013 575 2034 recursu
587 2000 681 2041 Quas
692 1999 757 2032 sibi

86 2054 281 2089 Mercurius
295 2080 303 2096 ‚
319 2066 474 2100 quasque
492 2053 603 2086 Diana
620 2051 723 2086 dicat.
739 2070 752 2082 ι»

87 2129 135 2133 --
149 2107 287 2141 Creastis
300 2108 390 2142 Idus.
399 2105 564 2140 Edidistis
576 2106 612 2139 in
625 2105 736 2139 lucem
748 2131 756 2146 ,

85 2160 247 2194 natalitiae
267 2160 356 2194 estis.
375 2161 554 2205 Nusquam
572 2167 688 2192 tamen
706 2159 756 2192 le-

83 2213 175 2258 gitur
205 2212 287 2247 Idus
315 2213 423 2248 Maias
450 2212 620 2246 natalitias
652 2211 756 2245 fuisse

85 2266 276 2301 Mercurio.
296 2266 366 2300 Sed
386 2265 483 2312 quod
503 2278 544 2298 eo
563 2264 638 2305 die,
660 2265 756 2298 Mer-

84 2320 182 2353 curio
196 2320 364 2365 templum
377 2318 473 2352 haud
484 2318 606 2364 procul
619 2330 638 2350 a
654 2317 756 2350 Circo

84 2373 234 2406 maximo
250 2371 448 2406 dedicatum
465 2385 483 2405 a
501 2371 676 2405 veteribus
690 2371 757 2403 Ro-

85 2425 196 2458 manis
208 2449 218 2465 ‚
239 2426 281 2459 A.
304 2426 349 2459 U.
368 2426 408 2459 C.
424 2437 525 2459 ceux
537 2449 546 2466 ‚
567 2423 642 2469 ipso
656 2423 757 2456 Livio

86 2486 181 2512 teste.
203 2478 344 2524 Templi
365 2486 481 2512 autem
503 2476 677 2511 dedicatio
695 2489 756 2509 na-

86 2531 162 2563 talis
196 2539 268 2564 erat
298 2531 462 2565 numinis.
484 2529 576 2565 Vide
600 2530 755 2563 Turneb.

87 2582 232 2617 Advers.
260 2584 321 2617 lib.
351 2584 406 2625 11,
437 2597 513 2629 cap.
545 2596 604 2625 11,
632 2591 667 2616 et
695 2582 756 2616 lib.

89 2636 201 2677 XXV,
225 2649 300 2682 cap.
331 2641 390 2676 24.
415 2656 464 2662 —
485 2635 568 2670 Idus
596 2648 678 2669 vero
710 2644 760 2669 est

818 1575 892 1609 dies
909 1576 1036 1609 mensis
1055 1576 1108 1609 vel
1128 1575 1250 1609 tertius
1270 1574 1426 1610 decimus
1443 1580 1495 1611 vel

817 1630 965 1675 quintus
987 1628 1162 1669 decimus,
1182 1637 1215 1661 et
1241 1629 1289 1662 ita
1310 1628 1489 1665 dicebatul

817 1683 860 1715 ab
881 1683 1028 1715 Etrusco
1050 1682 1223 1715 vocabulo
1239 1682 1348 1715 iduare
1362 1710 1370 1723 ,
1400 1684 1493 1729 quod

816 1734 910 1768 idem
933 1735 1076 1768 sonabat
1099 1747 1136 1768 ac
1161 1733 1341 1776 dividere;
1361 1735 1493 1770 divide-

816 1788 919 1821 batur
938 1787 1029 1820 enim
1046 1788 1094 1820 sic
1113 1788 1240 1820 mensis
1259 1789 1294 1821 in
1316 1788 1401 1822 duas
1423 1790 1494 1823 fere

817 1841 963 1886 aequales
991 1849 1118 1885 partes.
1145 1841 1254 1873 Erant
1282 1853 1364 1886 ergo
1394 1842 1492 1876 Maiae

817 1892 918 1934 Idus,
936 1894 963 1925 le
984 1893 1026 1926 13
1046 1896 1133 1932 mai;
1156 1895 1318 1939 Augustae
1340 1893 1443 1937 Idus,
1466 1897 1494 1928 le

823 1947 865 1980 15
888 1950 985 1985 aotit;
1003 1946 1174 1980 Octobres
1195 1946 1298 1988 Idus,
1323 1948 1350 1979 le
1377 1950 1419 1982 15
1440 1962 1491 1982 oc-

823 2000 918 2032 tobre.
938 2000 1004 2032 ΕΙ).

875 2066 906 2084 2.
930 2052 1054 2084 Diana.
1070 2052 1201 2085 Natalis
1214 2052 1346 2086 Dianae.

873 2104 905 2138 3.
924 2105 1076 2138 Octobres
1092 2105 1188 2138 Maro
1201 2132 1209 2145 ,
1232 2114 1296 2139 etc.
1316 2106 1424 2139 Natus
1443 2116 1492 2141 est

818 2157 988 2203 Virgilius
1017 2157 1140 2192 Idibus
1166 2158 1341 2192 Octobris.
1364 2160 1491 2193 Donat.

816 2218 849 2244 et
864 2211 998 2244 Probus
1014 2211 1173 2245 Gramm.
1189 2213 1240 2245 De
1258 2212 1399 2257 Virgilii
1422 2213 1491 2246 vita

816 2263 843 2297 si
868 2264 945 2309 quis
966 2264 1135 2310 ampliora
1160 2277 1370 2311 cognoscere
1387 2266 1492 2306 velit,

816 2317 973 2351 conferat
991 2316 1193 2351 Editionem
1213 2327 1366 2352 nostram
1386 2319 1493 2364 hujus

816 2369 1005 2403 latinorum
1023 2379 1206 2415 poetarum
1224 2371 1406 2418 principis,
1422 2373 1492 2406 vol.

817 2424 908 2465 VII,
932 2435 1009 2469 pag.
1028 2423 1099 2458 265
1121 2432 1156 2457 et
1175 2436 1250 2470 sqq.
1267 2425 1333 2458 En.

872 2481 906 2516 4.
922 2477 999 2509 Idus
1014 2490 1096 2522 ηερε
1114 2478 1210 2510 colas.
1231 2477 1307 2511 Hoc
1330 2485 1401 2518 est,
1423 2478 1492 2511 Diu

816 2529 911 2562 vivas
931 2555 940 2570 ‚
969 2537 1003 2562 et
1035 2530 1083 2563 sic
1114 2531 1223 2576 possis
1257 2530 1371 2563 colere
1410 2530 1495 2564 Idus

818 2582 987 2616 Mercurii
1000 2591 1034 2616 et
1049 2583 1189 2625 Dianae,
1206 2583 1266 2628 qui
1284 2583 1422 2628 Virgilii
1440 2597 1496 2617 na-

820 2636 922 2669 talem
940 2636 1033 2668 colis.
