1901 3259
324 229 905 273 EPIGRAMMATUM
943 229 1062 270 LIB.
1103 228 1241 272 XIV.

1388 245 1477 273 221

637 379 933 438 XCVIII.

579 537 704 565 VASA
742 536 993 565 ARETINA.

145 661 360 704 ARETINA
391 661 516 705 nimis
544 677 599 704 ne
624 677 803 722 spernas
827 676 930 705 vasa
946 696 958 716 ‚
982 676 1231 714 monemus;

217 732 383 775 Lautus
407 740 499 775 erat
520 732 671 776 Tuscis
690 733 882 775 Porsena
906 729 1125 775 fictilibus.

155 870 328 912 Σκευέων
348 872 560 924 Τούσκων,
587 875 786 927 παραινῶ,
808 872 865 928 μή
891 868 1030 931 σ’ἄγαν
1060 873 1340 929 καταφρονεῖν·

153 934 301 1001 Τοῖςδεγ
321 940 396 1000 γάρ
429 941 524 984 ποτ’
542 938 587 987 ἦν
607 942 789 1000 μάλιστα
816 933 989 997 δαψιλὴς
1011 944 1031 983 ὁ
1058 941 1278 1000 Πορσένας.

130 1092 162 1113 1.
180 1080 328 1113 Aretina.
345 1079 483 1113 Fictilia
500 1080 643 1114 scilicet.
655 1079 749 1113 Vide

72 1132 133 1165 lib.
149 1134 166 1166 I
176 1158 185 1174 ‚
198 1133 306 1178 epigr.
321 1145 381 1166 L1v
395 1145 404 1166 ε
424 1133 501 1166 «Sic
514 1133 666 1166 Aretinae
676 1133 749 1166 vio-

72 1185 144 1218 lant
169 1185 370 1231 crystallina
393 1194 497 1220 testae.
518 1204 531 1216 »
563 1186 723 1220 Aretium
738 1210 747 1226 ‚

73 1237 130 1270 alii
153 1238 353 1280 Arretium,
367 1237 474 1273 hodie
499 1239 641 1279 Arezzo,
667 1239 750 1272 urbs

808 1080 943 1113 Tusciae
954 1079 1032 1122 ‚ubi
1041 1078 1316 1113 conficiebantur
1325 1079 1400 1112 haec
1410 1092 1488 1113 vasa

809 1133 936 1179 quibus
969 1127 983 1176 (
1002 1145 1082 1166 nam
1125 1141 1209 1165 tunc
1246 1131 1487 1178 splendidiora

809 1182 1082 1231 ignorabantur)
1117 1185 1282 1218 utebatur
1311 1185 1487 1225 Porsena,

811 1239 872 1284 qui
893 1239 927 1272 in
949 1238 1007 1272 illa
1027 1238 1170 1284 regione
1191 1237 1361 1283 regnavit.

657 1373 897 1432 XCIX.

620 1510 943 1560 ΒΑ3(;ΑΠΒΑ.“ι

140 1660 362 1702 BARBARA
393 1657 447 1700 de
477 1658 602 1719 pictis
631 1658 730 1700 veni
750 1656 969 1700 bascauda
990 1657 1232 1711 Britannis;

211 1727 295 1772 Sed
322 1744 390 1771 me
415 1729 505 1787 jam
532 1726 698 1771 mavult
728 1727 871 1771 dicere
900 1728 1041 1770 Roma
1070 1742 1206 1770 suam.

142 1855 240 1911 fimo
263 1869 343 1911 ἀπὸ
368 1873 518 1918 ςικτῶν
544 1864 644 1917 ξείνη
673 1861 888 1923 βάσκαυδα
912 1866 1151 1927 Βριτοῖννων.

212 1929 334 1999 ῥώμη
366 1941 432 1987 ἑὴν
463 1932 508 1980 δὲ
536 1942 649 1981 καλεῖ
677 1939 719 1998 μ’
747 1932 1043 1997 ἐξιδιασαμένη.

125 2078 139 2092 *
157 2080 343 2113 Bascauda.
358 2080 429 2113 Vas
451 2078 631 2125 quoddam
655 2091 748 2113 esca-

67 2133 161 2166 rium
179 2132 275 2179 quod
292 2133 327 2166 in
345 2133 525 2166 Britannia
538 2132 746 2166 conficieba-

69 2194 140 2219 tur.
152 2186 332 2219 Juvenalis
343 2185 413 2220 Sat.
428 2186 517 2227 XII,
534 2187 580 2227 46
595 2198 603 2219 :
620 2203 632 2215 α
647 2184 748 2219 Adde

68 2247 105 2279 et
124 2237 334 2279 bascaudas,
356 2247 390 2272 et
409 2238 505 2272 mille
523 2239 663 2272 escaria.
687 2256 700 2268 »

125 2304 157 2325 1.
178 2291 339 2325 Barbara.
369 2292 540 2325 Barbaros
569 2304 586 2324 a
616 2291 746 2325 Graecis

67 2352 288 2390 nuncupatos
312 2344 415 2378 fuisse
438 2357 558 2378 omnes
583 2345 747 2390 alienige-

67 2409 129 2429 nas
159 2397 276 2431 nullus
302 2397 422 2431 nescit.
444 2396 551 2439 Quod
579 2396 745 2443 deinceps

67 2449 262 2483 imitatione
282 2450 460 2495 prosecuti
481 2458 563 2483 sunt
584 2451 744 2490 romani;

67 2515 281 2548 quamquam
303 2510 417 2536 tamen
440 2503 508 2536 hoc
526 2503 668 2536 nomine
688 2515 745 2536 eos

70 2555 220 2599 populos
247 2554 411 2588 libentius
438 2563 471 2588 et
498 2556 620 2600 saepius
653 2555 743 2590 desi-

66 2616 213 2652 gnarent
232 2607 292 2653 qui
313 2608 494 2642 literarum
514 2616 548 2641 et
567 2609 692 2642 artium
711 2618 745 2642 et

70 2660 317 2705 elegantiarum
351 2660 464 2705 ignari
501 2669 618 2700 erant3
658 2674 744 2706 quos

805 2078 912 2113 hodie
927 2091 992 2112 nos
1009 2090 1173 2112 vocamus
1191 2090 1408 2123 sauoages.—
1420 2079 1480 2112 Pi-

806 2134 874 2165 ctis.
897 2131 987 2165 Nam
1010 2131 1167 2165 Britanni
1196 2131 1262 2164 sibi
1282 2131 1483 2165 inficiebant

807 2185 910 2219 variis
933 2185 1109 2218 coloribus
1138 2196 1305 2230 corpora,
1335 2186 1482 2218 caeruleo

804 2238 998 2284 praesertim
1009 2264 1017 2279 ‚
1033 2246 1072 2271 ut
1092 2237 1189 2270 aiunt
1203 2236 1345 2283 quidam
1357 2262 1365 2273 ‚
1383 2237 1425 2270 ad
1446 2237 1481 2270 id

806 2290 994 2324 excitantes
1023 2290 1085 2323 lib.
1108 2291 1179 2331 XI,
1199 2290 1309 2336 epigr.
1337 2303 1408 2331 LIV,
1433 2303 1480 2323 vs.

810 2356 824 2377 1
842 2355 850 2377 :
868 2361 880 2374 α
893 2342 1039 2377 Claudia
1056 2343 1211 2377 caeruleis
1227 2355 1336 2388 quum
1350 2343 1394 2376 sit
1409 2344 1481 2376 Ru-

804 2397 874 2430 fina
889 2396 1065 2430 Britannis
1083 2395 1207 2429 Edita»
1219 2396 1339 2429 ,Certe
1356 2396 1481 2429 Caesar.

805 2450 891 2483 Bell.
912 2449 1003 2490 Gall.
1024 2449 1085 2482 lib.
1098 2449 1149 2481 V:
1164 2466 1177 2478 κ
1195 2448 1325 2481 Omnes
1343 2460 1427 2480 vero
1447 2460 1483 2481 se

804 2502 964 2536 Britanni
986 2503 1081 2535 luteo
1103 2501 1285 2541 inficiunt,
1304 2499 1402 2546 quod
1419 2513 1482 2534 cae-

805 2555 941 2588 ruleum
959 2555 1066 2588 efficit
1081 2554 1245 2587 colorem.

861 2622 892 2640 2.
910 2607 975 2641 Sed
991 2608 1128 2651 mejam.
1146 2608 1265 2640 Romae
1284 2605 1377 2638 enim
1394 2613 1476 2639 tunc

805 2660 934 2693 {iebant
953 2658 1145 2694 bascaudae.
