2044 3292
502 222 591 280 198

869 223 930 265 M.
958 224 1096 266 VAL.
1131 224 1525 267 MARTIALIS

1115 373 1280 429 LIX.

1019 529 1388 558 OPOBALSAMA.

570 654 798 695 BALSAMA
829 668 897 695 me
924 653 1122 713 capiunt,
1153 653 1244 697 haee
1278 663 1378 697 sunt
1405 665 1629 715 unguenta
1656 658 1878 713 virorumj,

637 720 824 765 Delicias
856 723 1004 766 Cosmi
1033 739 1111 767 vos
1144 722 1361 778 redolete‚
1389 741 1537 768 nurus.

571 864 753 923 Βοίλσαμ’
782 866 860 925 ἐγὼ
886 865 1099 923 πεφίληκα·
1134 866 1181 908 τὸ
1208 865 1285 926 γὰρ
1316 868 1436 926 μύρον
1467 861 1653 927 ἀνδρικόν
1683 871 1760 919 ἐςι.

641 937 723 984 Τῆς
753 935 919 994 Κόσμου
947 929 992 978 δὲ
1023 943 1172 996 τρυφῆς
1197 932 1305 987 ὅζετε
1321 972 1332 990 ‚
1358 937 1456 984 θῆλυ
1481 939 1606 998 γένος.

562 1086 591 1107 1.
619 1075 662 1107 Te
685 1073 763 1107 cod.
787 1074 921 1108 Beverl.
946 1095 996 1100 —-
1026 1074 1178 1107 Balsama

504 1140 549 1159 me
571 1129 710 1172 capiunt.
735 1127 931 1161 Balsamum
964 1135 1014 1160 est
1046 1127 1179 1168 arbor3

503 1180 767 1224 opobalsamum
795 1192 879 1213 vero
903 1192 1025 1214 succus
1046 1188 1097 1214 est
1118 1179 1178 1213 de-

504 1233 616 1266 fluens
641 1245 682 1266 ex
714 1233 887 1274 balsamo,
907 1234 1006 1278 cujus
1033 1232 1183 1266 suavita«

505 1294 576 1319 tem
598 1285 823 1319 commendat
843 1286 977 1319 Plinius
999 1286 1060 1319 lib.
1083 1286 1154 1318 XII
1172 1311 1182 1325 ,

506 1352 533 1372 c.
556 1339 671 1372 25.—-
681 1341 720 1372 ln
737 1339 882 1384 ancipiti
900 1351 973 1372 rem
991 1340 1071 1377 iste,
1087 1339 1183 1383 quis-

507 1392 584 1437 quis
599 1400 665 1431 est,
679 1392 832 1436 linquit;
848 1403 951 1437 quam
968 1404 1033 1437 ego
1051 1404 1092 1424 ex
1109 1391 1186 1424 Ser-

507 1445 563 1477 vio
576 1445 836 1489 aliquantulum
851 1445 1033 1477 immutato
1046 1444 1185 1485 certius,

509 1506 547 1530 ut
563 1510 652 1533 reor,
668 1505 828 1531 statuam.
839 1497 926 1530 Tres
942 1498 1109 1530 nimirum
1127 1509 1186 1530 ex-

509 1551 627 1584 stitere
650 1549 744 1596 apud
777 1550 938 1592 Graecos,
962 1558 995 1583 et
1015 1550 1097 1583 hinc
1120 1550 1186 1582 La-

510 1605 585 1637 tino
612 1602 765 1636 sermoni
788 1603 1005 1649 irrepserunt
1032 1611 1187 1648 coguatae

509 1669 610 1690 voces
626 1655 670 1689 de
684 1656 854 1697 balsamo,
873 1657 1043 1702 βάλσαμον
1056 1656 1188 1701 ipsum,

511 1708 756 1755 ὁποὲσίλσαμον,
783 1707 1038 1754 ξυλοὲσὶλσοιμον.
1063 1710 1091 1742 Ε
1117 1709 1189 1755 qui-

511 1764 576 1796 bus
604 1770 702 1808 patet
731 1761 919 1796 secundam
945 1761 1039 1795 idem
1067 1774 1189 1795 sonare

512 1828 550 1848 ac
570 1815 715 1849 balsami
735 1816 915 1852 arborem,
942 1816 1081 1849 tertiam
1106 1827 1191 1848 vero

514 1868 607 1901 idem
634 1867 730 1915 quod
750 1869 895 1902 balsami
921 1868 1056 1902 fructus
1077 1862 1092 1912 (
1109 1880 1191 1914 ergo

517 1922 662 1954 balsami
684 1919 853 1961 succum).
878 1922 957 1955 Atat
982 1923 1094 1968 prima
1114 1930 1191 1954 utra

515 1987 569 2008 res
593 1973 814 2020 designatur,
847 1974 1027 2009 fructusue
1060 1988 1103 2008 an
1138 1986 1191 2007 ar-

518 2027 610 2060 bor?
645 2028 805 2073 Utraque
837 2040 893 2061 res
920 2040 927 2061 :
956 2036 991 2061 et
1027 2028 1085 2061 illa
1121 2028 1193 2060 sola

516 2080 623 2114 trium
641 2093 708 2113 vox
724 2081 896 2126 ambiguae
917 2079 1112 2114 latitudinis
1130 2088 1192 2121 est,

517 2146 627 2179 quum
649 2133 722 2166 duo
750 2134 823 2167 aliae
848 2142 882 2167 et
902 2134 1022 2168 stricto
1044 2142 1078 2167 et
1099 2134 1192 2167 claro

519 2186 625 2232 magis
651 2199 752 2220 seusu
787 2186 997 2232 usurpandae
1027 2187 1120 2229 sint3
1148 2185 1195 2219 ita

518 2249 558 2274 ut
586 2238 765 2285 quidquid
791 2249 850 2273 dut
872 2241 1106 2285 opobalsamum
1137 2247 1196 2272 aut

520 2293 770 2338 xylobalsamum
790 2305 913 2334 vocas,
931 2294 1103 2326 balsamum
1115 2294 1194 2339 jure

520 2355 584 2379 tuo
597 2358 698 2380 voces
709 2372 718 2389 ,
734 2346 877 2379 minime
895 2358 978 2380 vero
995 2347 1097 2380 liceat
1118 2359 1193 2391 opo-

522 2399 694 2432 balsamum
709 2411 776 2445 pro
791 2398 1024 2445 prlobalscem0,
1042 2412 1107 2446 pro
1123 2412 1196 2444 opo-

523 2453 663 2485 balsamo
678 2452 926 2499 ‚ze—*ylobalsamum
943 2453 1110 2498 accipere.
1127 2453 1192 2485 En.

524 2527 575 2532 ›—
587 2507 694 2539 Aiunt
712 2506 977 2551 Theophrastus
996 2515 1030 2539 et
1050 2505 1195 2538 Diosco-

524 2557 616 2591 rides
638 2559 708 2604 ipsa
731 2571 772 2592 ex
799 2560 922 2592 arbore
951 2571 1093 2593 succum
1122 2558 1196 2591 stil-

523 2612 613 2652 lare,
640 2619 821 2657 postquam
850 2612 971 2645 ferreis
1004 2612 1198 2656 unguibus,

524 2664 673 2697 osseisve
688 2665 853 2706 cultellis,
869 2665 959 2698 vitro
970 2691 979 2705 ‚
995 2663 1126 2710 lapide,
1147 2673 1195 2698 te-

526 2726 575 2751 sta
594 2725 626 2750 et
644 2718 777 2751 caeteris
793 2718 899 2752 incisa
921 2719 975 2752 sit.
997 2717 1077 2751 Vid.
1100 2726 1132 2751 et
1151 2720 1194 2751 cf.

1239 1073 1282 1108 de
1307 1075 1374 1109 hoc
1401 1075 1557 1117 Plinius,
1586 1076 1752 1118 Solinus,
1777 1078 1920 1112 Tacitus

1240 1127 1494 1169 Histor.1ib.V‚
1504 1138 1537 1162 et
1549 1129 1675 1164 Claud.
1686 1131 1820 1171 XXXI,
1836 1142 1847 1163 1
1859 1143 1917 1164 21:

1240 1180 1300 1226 qui
1322 1181 1359 1213 in
1374 1181 1495 1226 Epith.
1515 1182 1645 1216 Pallad.
1661 1183 1728 1216 sic:
1743 1183 1921 1217 «Gemma-

1241 1234 1285 1267 tis
1315 1233 1373 1267 alii
1395 1246 1458 1279 per
1477 1242 1590 1268 totum
1618 1236 1769 1269 balsama
1788 1244 1919 1270 tectum

1242 1285 1410 1320 Effudere
1428 1286 1522 1320 cadis
1539 1313 1548 1327 ‚
1572 1287 1663 1320 duro
1686 1301 1764 1333 quae
1787 1289 1922 1322 sancius

1243 1351 1362 1383 ungue
1376 1339 1531 1373 Niliacus
1545 1340 1670 1386 pingui
1688 1340 1835 1378 desudat
1850 1342 1922 1375 vul-

1244 1403 1329 1424 nere
1347 1404 1402 1425 σοι
1411 1400 1479 1426 tex.
1493 1410 1507 1422 ι»
1519 1394 1655 1426 ——Haec
1666 1402 1740 1427 sunt
1751 1403 1920 1439 unguenta.

1243 1445 1372 1478 Juven.
1393 1453 1508 1478 tamen
1531 1446 1602 1480 Sat.
1622 1447 1674 1486 II,
1694 1451 1755 1488 41,
1775 1448 1923 1481 affirmat

1246 1496 1411 1531 mullibus
1439 1507 1576 1532 tantum
1606 1499 1810 1534 hominibus
1849 1501 1924 1534 haec

1246 1551 1454 1585 convenire:
1475 1569 1488 1582 ιι
1508 1551 1578 1585 Sed
1594 1561 1709 1586 tamen
1731 1552 1826 1587 unde
1842 1554 1924 1587 Haec

1248 1604 1353 1644 emis,
1377 1604 1517 1638 hirsuto
1541 1605 1676 1651 spirant
1701 1607 1924 1652 opobalsama

1249 1657 1339 1690 collo
1362 1657 1451 1698 Quae
1467 1657 1557 1691 tibi?
1573 1676 1586 1687 ›-

1305 1723 1339 1744 2.
1363 1710 1431 1744 Pro
1456 1710 1583 1752 Cosmi,
1609 1710 1705 1757 quod
1725 1712 1810 1758 legit
1831 1713 1923 1746 Gru-

1251 1772 1344 1797 terus
1357 1789 1365 1804 ‚
1376 1763 1456 1797 Nini
1468 1764 1599 1798 habent
1615 1763 1695 1798 edd.
1715 1761 1794 1799 Par.
1815 1777 1827 1798 1
1837 1768 1858 1800 6
1869 1778 1880 1799 1
1891 1779 1925 1811 7,

1250 1824 1283 1850 et
1311 1816 1458 1850 Farnab.
1480 1817 1563 1850 Him'
1588 1816 1668 1851 Ald.
1687 1818 1784 1851 Junt.
1808 1818 1924 1852 Colin.

1251 1881 1327 1915 quos
1343 1870 1451 1903 milvos
1465 1870 1604 1904 Thuan.
1626 1869 1704 1904 cod.
1721 1871 1770 1904 ait
1789 1871 1925 1905 Beverl.

1251 1922 1314 1968 qui
1332 1923 1403 1955 hinc
1419 1936 1487 1956 vos.
1506 1923 1574 1957 Pro
1596 1923 1650 1957 his
1671 1924 1815 1958 vocibus
1832 1927 1928 1957 nimio

1251 1975 1309 2008 sed
1335 1975 1442 2009 habet
1468 1976 1546 2010 cod.
1578 1976 1613 2009 in
1641 1989 1750 2022 marg.
1773 1975 1828 2011 ed.
1849 1977 1925 2011 Par.

1257 2031 1322 2062 161
1333 2041 1368 2074 7,
1393 2029 1420 2062 si
1437 2041 1518 2063 sane
1538 2038 1632 2064 recte
1647 2029 1875 2076 intelligimus
1891 2033 1926 2063 τὸ

1252 2082 1299 2114 V.
1316 2080 1415 2127 quod
1432 2083 1470 2115 in
1487 2094 1529 2116 eo
1538 2095 1646 2128 marg.
1658 2091 1765 2117 exstat
1777 2083 1929 2128 plerum-

1255 2134 1427 2180 que.Vid.
1450 2147 1514 2169 nos
1531 2134 1572 2168 ad
1597 2135 1707 2181 epigr.
1733 2148 1927 2170 xxxv11.-—

1257 2187 1400 2220 Delicias
1418 2188 1498 2221 Nini
1515 2188 1551 2221 h.
1576 2201 1605 2222 e.
1630 2188 1748 2233 inquit
1769 2188 1928 2223 Raderus

1255 2240 1319 2285 qui
1331 2241 1378 2274 sic
1391 2241 1493 2286 legit:
1506 2242 1591 2283 Vos,
1608 2241 1757 2284 feminae,
1769 2242 1929 2288 Assyrios

1254 2293 1400 2338 quaerite
1425 2294 1577 2339 liquores
1592 2321 1601 2336 ‚
1628 2307 1820 2336 amomum,
1848 2308 1928 2329 nar-

1254 2345 1341 2379 dum
1354 2373 1362 2388 ,
1381 2346 1516 2392 aliaque
1538 2346 1574 2381 id
1601 2360 1710 2393 genus
1728 2348 1905 2394 pigmenta
1918 2372 1928 2387 ‚

1255 2407 1296 2432 ut
1327 2409 1502 2445 unguenta
1538 2399 1694 2435 delicata.
1727 2401 1841 2435 Ninus
1867 2413 1930 2434 rex

1255 2452 1322 2485 fuit
1337 2453 1572 2497 Assyriorum.
1584 2455 1635 2487 De
1648 2454 1792 2499 Assyrio
1805 2455 1858 2488 vel
1869 2453 1930 2501 Sy-

1256 2505 1310 2538 rio
1326 2515 1506 2551 unguento
1523 2505 1604 2540 vide
1619 2507 1779 2540 lih.V111
1791 2532 1800 2547 ‚
1817 2507 1928 2553 epigr.

1259 2571 1378 2592 mxvn
1393 2586 1401 2599 ‚
1416 2573 1447 2593 2.
1468 2560 1526 2593 «Si
1547 2559 1657 2606 sapi5‚
1676 2560 1817 2606 Assyrio
1841 2572 1928 2593 sem-

1257 2623 1319 2656 per
1339 2612 1402 2645 tibi
1425 2612 1531 2646 crinis
1552 2625 1689 2645 amomo
1703 2611 1924 2658 Splendeat.=·

1259 2665 1299 2697 Et
1324 2665 1443 2699 Horat.
1465 2666 1523 2699 lib.
1546 2666 1597 2706 II,
1618 2665 1687 2699 Od.
1710 2679 1744 2710 7,
1761 2667 1780 2699 8
1802 2678 1809 2698 :
1833 2683 1846 2695 «ι
1867 2666 1929 2698 Ni-

1259 2726 1368 2751 tentes.
1388 2719 1607 2753 Malobatliro
1625 2719 1728 2763 Syrio
1747 2718 1900 2764 capillos.
1913 2737 1924 2748 .
