2044 3292
526 247 622 291 208

898 248 960 290 M.
988 248 1064 290 VA
1081 248 1128 290 L.
1169 196 1557 290 MARTIIALIS

1053 395 1388 452 LXXVII.

977 549 1156 577 CAVEA
1203 529 1476 578 EBOREA.*

592 677 634 718 Si
667 674 743 718 tibi
765 673 862 717 talis
883 675 964 717 erit
979 708 991 727 ‚
1016 672 1190 734 qualem
1213 673 1370 718 dilecta
1389 673 1564 719 Catullo

668 744 816 788 Lesbia
845 743 1071 805 plorabat,
1096 744 1167 788 hic
1195 744 1393 789 habitare
1420 755 1575 806 potest.

591 877 643 928 Ωι
675 885 739 928 ἐπὶ
770 880 986 945 δακρύχεεν
1020 891 1240 947 κυάνοφρυς
1270 889 1412 947 ἐταῖρα
1442 889 1682 930 ΚατούΛλου

660 956 708 998 Εἰ
739 959 814 1017 σύγ
839 959 974 1009 ὅμοιον
1005 958 1129 1017 ἔχεις,
1155 954 1241 1015 αἶψ’
1262 952 1331 1001 ὅδε
1355 951 1456 1018 τῇδε
1480 959 1603 1018 μένοι.

575 1092 588 1104 ⁴¹
606 1095 733 1128 Eborea
752 1095 924 1130 omittunt
947 1095 1030 1130 edd.
1050 1105 1134 1131 vett.
1162 1106 1197 1131 et

523 1149 649 1194 Delph.
665 1170 716 1176 —-
731 1149 849 1183 Cavea.
872 1149 1020 1195 Elegans
1040 1162 1140 1191 sane,
1160 1150 1196 1184 in

524 1214 591 1246 qua
618 1203 774 1247 potuerit
798 1203 955 1236 habitare
981 1215 1098 1249 passer
1127 1211 1195 1237 tam

522 1256 716 1294 formosus,
751 1264 820 1289 tam
847 1264 1004 1290 veuustae
1031 1256 1197 1302 puellulae

522 1307 695 1353 dilectus²
717 1318 787 1343 tam
817 1308 938 1355 lepido
970 1318 1075 1355 poeta
1109 1310 1199 1344 cele-

1255 1098 1386 1132 bratus.
1409 1099 1462 1131 De
1489 1097 1614 1131 Lesbia
1636 1097 1696 1131 lib.
1723 1097 1791 1137 lx,
1819 1097 1949 1142 epigr„

1257 1163 1386 1185 Lxx111.
1401 1152 1453 1185 De
1473 1153 1549 1196 ejus
1566 1162 1702 1196 passere
1721 1149 1852 1184 dictum
1868 1150 1928 1182 lib⁴

1257 1206 1290 1246 I,
1312 1204 1421 1250 epigr.
1442 1215 1526 1238 vrn.

1314 1270 1347 1291 2.
1369 1258 1477 1290 Potes.
1500 1256 1580 1291 edd.
1605 1265 1689 1291 vett.
1711 1265 1745 1290 et
1767 1255 1882 1289 Maitt.
1903 1263 1938 1288 et

1259 1310 1410 1344 Fax-nab.

1041 1433 1400 1489 LXXVIII.

1012 1589 1440 1619 NARTHECIUM.

592 1701 729 1742 Aaris
754 1698 864 1742 ebur
889 1697 1067 1742 medicae
1097 1698 1323 1742 narthecia
1348 1700 1489 1743 cernis
1514 1699 1675 1742 habero

658 1770 865 1824 Munera,
896 1785 992 1830 quae
1021 1779 1202 1829 cuperet
1229 1770 1402 1813 Pactius
1430 1786 1522 1814 csse
1548 1785 1639 1813 sua.

590 1900 673 1947 Τῆς
700 1892 868 1957 μεδίκης
892 1898 1093 1957 ἐλέφαντα
1115 1899 1257 1958 τέχνης
1279 1898 1471 1958 νειρΟ-[Ῐκια
1495 1893 1587 1949 δέξο

659 1972 801 2027 Δῶραη
829 1967 925 2026 φίλ’,
959 1966 1025 2011 οἷα
1058 1970 1216 2023 βλέπων
1244 1969 1424 2019 Πάκτιος
1451 1966 1530 2029 εἶχε
1559 1969 1712 2028 φθόνον.

595 2107 625 2127 1.
647 2094 834 2127 Narcitliica
861 2093 1001 2127 exhibet
1029 2093 1106 2128 cod.
1126 2094 1200 2128 MS.

524 2147 659 2181 Beverl.
676 2147 818 2180 Habebis
836 2145 916 2180 cod.
934 2147 971 2179 iu
988 2159 1097 2192 marg.
1117 2147 1201 2180 edit.

524 2201 630 2234 Paris.
662 2203 771 2244 1617.
797 2221 848 2225 —-
874 2200 1061 2233 Nartlzecia.
1094 2200 1204 2234 Erant

522 2254 670 2299 capsuiae
683 2276 694 2292 .‚
727 2253 762 2285 in
792 2253 922 2298 quibus
949 2251 1203 2287 medicamenta

523 2305 763 2341 recondebant
784 2304 936 2348 medici,
954 2314 989 2340 et
1017 2318 1094 2352 quae
1118 2319 1137 2340 e
1160 2306 1202 2339 li-

523 2373 592 2406 gno
607 2369 641 2393 et
653 2360 791 2401 arbore,
804 2371 906 2404 quam
919 2362 1060 2405 ναρῡῆκα
1070 2359 1184 2393 Graeci
1195 2385 1204 2400 ‚

524 2413 642 2447 Latini
657 2413 802 2446 ferulam
822 2413 1012 2452 vocabant,
1026 2412 1204 2458 principio

525 2468 613 2501 facta
624 2493 632 2507 ,
649 2479 732 2500 mox
750 2465 904 2499 eburnea
924 2477 1063 2500 evasere
1076 2492 1084 2505 ‚
1101 2474 1134 2498 et
1151 2466 1203 2499 sui

527 2520 615 2554 nihil
643 2519 709 2553 nisi
734 2531 863 2553 nomen
882 2519 1080 2559 retinuere3
1111 2517 1204 2552 unde

526 2573 612 2607 dicit
624 2574 731 2606 Poeta
745 2573 802 2606 illa
820 2585 911 2613 esse,
926 2573 1013 2606 ebur
1031 2572 1114 2606 artis
1130 2584 1203 2605 me-

528 2626 616 2660 ‹licae
631 2626 830 2672 proprium.
846 2627 1045 2660 Verborum
1059 2651 1069 2666 ‚
1089 2633 1201 2658 autem

526 2681 650 2725 planus
668 2679 756 2713 ordo
780 2680 807 2712 is
828 2687 878 2713 est
899 2692 906 2712 :
931 2679 1054 2713 Cernis
1075 2679 1204 2712 habere

1263 2093 1424 2134 (subaud.
1445 2103 1494 2134 te,·
1512 2107 1578 2140 pro
1602 2108 1639 2128 en
1657 2095 1771 2135 habes,
1794 2108 1830 2127 en
1850 2108 1868 2127 α
1889 2109 1936 2128 me

1263 2149 1410 2193 accepisti
1423 2174 1430 2186 ,
1459 2160 1542 2192 ergo
1573 2160 1610 2179 en
1638 2156 1728 2192 potes
1755 2161 1876 2180 cet-nere
1908 2156 1937 2180 te

1263 2195 1451 2244 habentem)
1477 2212 1624 2234 munera
1656 2197 1747 2246 (pro
1779 2214 1938 2234 muner-um

1263 2252 1344 2294 loco)
1361 2253 1540 2287 narthecia
1554 2247 1727 2297 (chorea),
1741 2254 1829 2287 ebur
1845 2250 1940 2300 (pro-

1263 2306 1400 2351 prium)
1419 2305 1563 2340 medicae
1581 2306 1677 2340 artis.

1321 2373 1352 2392 2.
1363 2360 1497 2392 Paccius
1507 2358 1562 2393 ed.
1574 2359 1674 2393 Barb.
1688 2367 1721 2393 et
1733 2360 1851 2393 Accius
1861 2359 1924 2392 MS
1932 2386 1938 2392 .

1265 2413 1397 2446 Beverl.
1415 2430 1427 2442 α
1441 2413 1597 2446 Pac-chius
1608 2413 1763 2446 fortasse.
1776 2412 1941 2446 Meminit

1265 2466 1403 2499 Pacchii
1418 2466 1584 2500 Antiochi
1597 2464 1725 2499 medici
1737 2473 1771 2499 et
1783 2464 1941 2510 chirurgi

1265 2518 1468 2552 Scribonius
1481 2520 1626 2564 Largus.
1637 2536 1649 2549 ιι
1663 2519 1773 2563 Marg.
1791 2517 1847 2552 edi
1860 2519 1937 2551 Par.

1269 2575 1312 2606 16
1324 2585 1334 2605 1
1346 2585 1378 2616 7.
1400 2593 1451 2598 -—
1472 2573 1614 2605 Pactius.
1635 2572 1738 2606 Dives
1756 2571 1846 2604 sorte
1865 2583 1939 2604 me-

1264 2624 1362 2659 dicus
1383 2638 1390 2658 :
1419 2625 1600 2671 cujusdam
1627 2624 1740 2659 Paccii
1766 2624 1842 2657 orbi
1864 2635 1936 2657 me—

1265 2679 1365 2712 minit
1383 2679 1563 2712 Juvenalis
1583 2678 1652 2712 Sat.
1674 2690 1725 2711 κη
1738 2703 1748 2714 .,
1771 2690 1830 2720 99.
