1901 3259
313 230 896 275 EPIGRAMMATUM
936 229 1062 272 LIB.
1103 228 1240 271 XIV.

1388 225 1481 286 189

652 381 882 438 XLIV.

390 539 682 567 CANDELAB
702 537 818 567 RUM
858 515 1152 567 mmmmm*

130 664 245 707 ESSE
274 662 392 707 vides
419 662 584 723 lignum
611 680 619 705 :

650 679 794 707 serves
822 664 902 706 nisi
932 662 1095 706 lumina
1111 695 1122 716 ,
1148 661 1223 705 fiet

200 734 268 777 De
294 732 556 778 candelabro
577 749 737 793 magna
761 732 938 778 lucerna
962 732 1052 777 tihi.

130 842 189 897 ἢν
219 858 273 915 μὴ
306 857 481 915 τηρήσῃς
498 856 558 898 “τὸ
586 855 685 913 φάος
715 850 848 908 (ξύλον
875 855 954 914 εἰμὶ
979 852 1074 916 γὰρ)
1102 857 1146 898 ἐκ
1174 862 1247 898 τοῦ

199 926 432 985 Λυχνούχου
457 926 600 984 λύχνος
630 926 666 967 κ’
695 921 796 977 αἶψα
823 925 978 985 γένοιτο
1010 926 1146 986 μέγας.

110 1041 125 1056 ’
148 1045 193 1079 Et
213 1045 250 1078 in
271 1045 339 1078 hoc
364 1044 459 1077 nulla
487 1043 647 1077 lectionis
676 1056 734 1077 va-

58 1099 162 1133 rietas
183 1097 348 1132 occurrit.
359 1097 528 1130 —Jocus
544 1106 594 1130 est
614 1097 650 1129 in
667 1096 735 1130 vile

56 1150 323 1193 candelabrum,
356 1149 453 1196 quod
483 1158 599 1183 tamen
630 1149 735 1182 Poeta

57 1205 105 1238 ait
134 1203 404 1238 custodiendum
423 1202 544 1236 sedulo
567 1215 661 1244 esse3
688 1215 733 1236 ne

57 1270 238 1291 accensum
254 1270 316 1303 per
329 1256 602 1302 imprudentiam
615 1256 730 1301 ipsum

56 1309 305 1344 candelabrum
324 1310 385 1343 fiat
406 1309 547 1343 lucerna
567 1317 601 1342 et
620 1316 733 1342 totuln

56 1362 186 1397 ardeat.
212 1363 371 1409 Namque
399 1362 436 1395 in
457 1361 667 1396 candelabro
694 1361 734 1394 li-

55 1429 144 1462 gneo
158 1416 251 1462 ligna
266 1417 444 1462 praelonga
461 1415 657 1461 figebantur
676 1423 735 1448 aut

57 1469 156 1504 taedae
177 1481 253 1515 quae
272 1470 308 1503 in
325 1481 428 1503 usum
446 1468 611 1502 nocturni
629 1468 733 1502 lumi-

58 1522 113 1556 nis
134 1521 352 1556 accedebant.
370 1521 476 1556 Unde
494 1520 631 1555 Alexidi
650 1533 734 1566 poe-

57 1584 99 1609 tae
129 1575 368 1620 ξυλολυχνοῦχος
388 1574 601 1621 appellatur,
616 1574 734 1607 Tullio

58 1641 140 1662 vero
155 1627 200 1662 ad
219 1630 365 1662 verbum
379 1628 566 1662 invertenti
580 1627 732 1674 lychnu-

56 1681 141 1715 chus
163 1681 348 1726 ligneolus.
372 1682 418 1715 Et
438 1680 482 1714 de
503 1681 567 1714 hac
588 1693 733 1714 consue»

55 1733 180 1767 tudine
203 1734 330 1779 passim
362 1742 553 1767 occurrunt
576 1733 732 1767 testimo-

55 1788 124 1822 nia.
141 1787 242 1821 Pater
257 1795 375 1820 vatum
394 1786 568 1820 Homerus
579 1810 590 1827 ‚
605 1785 732 1831 Odyss.

57 1845 80 1873 Σ
98 1852 106 1872 :
123 1834 247 1873 Ᾱυτίκα
269 1844 464 1885 λαμπτῆρας
485 1841 566 1884 τρεῖς
586 1839 731 1872 ἕστασαν

58 1895 86 1926 ἐν
100 1893 281 1938 μεγάροισι,
292 1886 384 1937 ὄφρα
396 1893 560 1936 φαείνοιεν,
575 1890 618 1925 ad
629 1903 733 1937 quem

794 1044 911 1077 locum
933 1044 1161 1078 Eustathius:
1188 1039 1296 1078 iare‘ov
1323 1045 1371 1078 ὅτι
1389 1051 1473 1089 λοιμι2

794 1101 921 1143 πτῆρας
942 1098 1026 1142 λέγει
1047 1098 1083 1136 ἃς
1110 1100 1161 1130 νῦν
1188 1098 1214 1130 οἱ
1239 1098 1398 1143 ἀγροτικοὶ
1419 1103 1473 1131 λυΠ

794 1150 886 1193 χνίας
917 1150 1024 1194 φασίν·
1054 1151 1102 1195 ἐφ’
1129 1147 1169 1184 ὧν
1197 1147 1299 1195 δᾷδες
1328 1152 1470 1195 κείμεναι

794 1204 882 1236 κατὰ
918 1200 1037 1248 δόρπον
1079 1203 1304 1243 ἀνάπτονται,
1335 1205 1355 1240 ἢ
1395 1204 1471 1243 ξύλα

791 1255 870 1301 ξηρὰ
897 1253 955 1290 διὰ
981 1257 1017 1289 τὸ
1051 1257 1217 1297 ἅκαπνον,
1239 1257 1259 1292 ἢ
1291 1256 1345 1290 καὶ
1374 1256 1470 1302 ἄμφω

794 1309 921 1353 ἀναμίξ.
938 1310 1094 1343 Acumen
1120 1317 1237 1343 autem
1259 1308 1352 1343 illius
1376 1308 1472 1343 disti-

793 1361 851 1395 chi
871 1361 1070 1396 meminisse
1091 1375 1155 1396 nos
1182 1362 1274 1408 cogit
1297 1361 1470 1408 epigram·

794 1414 894 1448 matis
909 1415 1002 1448 illius
1025 1415 1122 1461 quod
1142 1416 1178 1449 in
1198 1416 1258 1449 lib.
1276 1415 1366 1448 VIII
1386 1416 1469 1461 legi*

794 1475 851 1501 tur
868 1481 912 1501 XL
926 1479 934 1501 :
955 1485 968 1498 «
981 1468 1062 1502 Non
1079 1468 1174 1503 horti
1186 1481 1300 1514 neque
1316 1468 1469 1515 palmitis

794 1521 904 1562 beati,
918 1520 986 1554 Sed
995 1522 1065 1555 rari
1078 1522 1244 1563 nemoriS‚
1256 1522 1397 1567 Priape,
1414 1534 1470 1555 cu=

794 1582 862 1607 stos
877 1600 885 1615 ‚
913 1575 1079 1617 Furaces‚
1103 1587 1247 1615 moneo,
1268 1587 1392 1608 manus
1416 1587 1469 1607 re-

793 1628 899 1673 pellas
913 1652 923 1668 ,
940 1627 985 1661 Et
1004 1629 1138 1673 sylvam
1159 1627 1293 1661 domini
1313 1627 1398 1661 focis
1420 1640 1472 1660 τε,

793 1692 907 1713 serves
927 1692 934 1713 ι
960 1680 996 1713 Si
1021 1680 1187 1714 defacerit
1214 1681 1305 1723 haec,
1330 1688 1365 1713 et
1396 1680 1468 1726 ipse

793 1733 928 1779 lignum
948 1746 993 1766 es.

850 1798 879 1818 1.
896 1785 1004 1818 Servos
1034 1788 1093 1818 nisi
1116 1787 1245 1819 lumina.
1276 1785 1471 1819 Incendent

794 1850 919 1883 nempe
940 1837 1189 1872 candelabrum
1213 1839 1366 1884 ligneum
1391 1851 1469 1872 cum

796 1890 920 1924 aedium
936 1891 1085 1936 vitaeque
1100 1891 1272 1936 pericuIO.

672 2025 731 2080 X
742 2024 857 2081 LV.

534 2181 662 2209 PILA
700 2161 1009 2210 PAGANICA..*

127 2291 237 2333 HAEC
261 2305 356 2349 quae
382 2287 568 2333 difficilis
590 2299 737 2350 turget
761 2291 975 2351 paganica
998 2289 1148 2350 pluma
1165 2325 1176 2345 ‚

197 2358 316 2403 Folle
348 2359 492 2404 minus
521 2358 617 2403 laxa
646 2370 736 2416 est,
767 2370 809 2404 et
840 2361 984 2404 minus
1015 2370 1135 2405 arcta
1164 2360 1266 2422 pila.

111 2479 126 2493 *
141 2485 218 2518 Pila
226 2488 396 2530 paganica.
415 2486 470 2520 Sic
485 2485 578 2520 dicta
593 2499 611 2520 a
624 2487 733 2533 pagis,

59 2538 119 2570 ubi
132 2538 287 2583 primum
302 2539 444 2572 iuventa
460 2538 503 2573 ad
519 2540 734 2586 voluptatem

59 2590 280 2625 rusticorum.
301 2592 528 2625 Farciebatur
540 2594 659 2638 pluma
672 2619 680 2635 ,
696 2601 735 2626 ut

61 2643 190 2678 indicat
203 2658 251 2678 vs.
261 2657 273 2677 1
285 2672 292 2678 .
313 2644 485 2688 Difficilem
502 2655 620 2686 vocat,
635 2645 734 2691 quod

792 2487 884 2521 forte
901 2487 969 2521 hoc
989 2499 1099 2532 genus
1120 2487 1200 2532 pilae
1221 2486 1296 2520 aliis
1317 2487 1466 2531 pilarum

792 2541 978 2586 generibus
992 2539 1170 2574 difficilius
1187 2548 1284 2573 esset.
1305 2538 1393 2573 Vide
1405 2539 1465 2572 lib.

793 2595 859 2635 IV,
878 2594 990 2639 epigr.
1006 2606 1066 2627 xix
1078 2620 1087 2635 ‚
1104 2605 1239 2628 necnon
1257 2601 1287 2626 el
1311 2593 1466 2631 li1›.V11,

795 2647 904 2691 epigr.
929 2659 1039 2680 xxxn.
