2044 3292
497 185 561 231 30

871 189 933 231 M.
958 190 1101 233 VAL.
1135 191 1533 235 MARTIALIS

1075 340 1335 396 XXXII.

981 492 1038 519 IN
1076 490 1399 520 VACERRAM.
1419 471 1438 489 *

642 612 684 654 O
706 611 730 654 J
734 624 954 654 ULIARUM
980 608 1171 653 dedecus
1195 608 1519 664 Kalendarum,

645 679 773 736 Vidi,
790 681 1009 736 Vacerra,
1036 680 1226 724 sarcinas
1256 689 1376 735 tuas3
1398 680 1486 724 vidi
1506 698 1514 724 :

644 751 767 808 Quas
788 767 879 795 non
904 760 1096 795 retentas
1121 751 1331 812 pensione
1356 767 1438 813 pro
1464 751 1582 795 bima

645 822 854 866 Portabat
876 838 989 865 uxor
1013 821 1109 866 rufa
1134 822 1327 866 crinibus
1353 832 1518 884 septem
1538 858 1549 873 ,

645 894 703 936 Et
728 910 829 937 cum
861 909 1011 938 sorore
1040 909 1149 937 cana
1178 902 1318 937 mater
1348 894 1539 955 ingenti3

647 964 798 1008 Furias
824 965 976 1025 putavi
1001 974 1132 1008 nocte
1157 965 1271 1008 Ditis
1292 980 1493 1008 emersas.

650 1037 742 1079 Has
768 1044 816 1078 tu
841 1035 1008 1096 priores
1035 1034 1196 1096 frigore
1224 1044 1268 1079 et
1292 1035 1405 1079 fame
1435 1036 1574 1079 siccus
1592 1070 1603 1089 ‚

649 1102 708 1149 Et
736 1123 825 1150 non
853 1107 1018 1150 recenti
1042 1105 1230 1167 pallidus
1260 1105 1397 1167 magis
1420 1105 1560 1162 buxo,

650 1179 749 1221 Irus
773 1186 953 1221 tuorum
980 1186 1229 1238 temporum
1245 1212 1255 1231 ‚
1286 1176 1550 1237 sequebaris.

652 1248 847 1309 Migrare
870 1247 1033 1292 clivum
1060 1247 1260 1292 crederes
1285 1248 1526 1292 Aricinum.
1904 1274 1934 1290 ,ο

652 1319 753 1362 Ibat
777 1320 910 1381 tripes
936 1318 1165 1380 grabatus,
1190 1328 1234 1362 et
1262 1318 1386 1379 bipes
1412 1333 1587 1374 mensa,

656 1391 714 1433 Et
744 1407 845 1435 cum
879 1390 1085 1446 lucerna,
1114 1406 1364 1451 corneoque
1390 1399 1557 1434 cratere

570 1508 585 1524 '
595 1513 787 1547 Vacerram
801 1512 941 1547 divitias
956 1513 1177 1547 simulantem
1189 1539 1198 1554 ,

518 1566 807 1601 mendicabulum
841 1567 1004 1600 omnihus
1033 1566 1199 1599 deriden-

520 1620 607 1655 dum
627 1619 792 1654 ostendit.

578 1687 610 1708 Ι.
629 1673 661 1707 O
678 1673 857 1712 Juliarum,
884 1681 949 1706 etc.
967 1673 1050 1714 Quo
1075 1685 1202 1718 nempe

520 1736 680 1773 tempore
689 1738 797 1760 novas
809 1724 898 1759 aedes
908 1725 1105 1767 conducere
1119 1726 1204 1759 sole-

521 1782 609 1814 bant
621 1779 783 1813 Romani.
799 1779 988 1812 Suetonius
1004 1779 1040 1812 in
1059 1779 1204 1812 Tiberio

520 1846 597 1879 cap.
619 1833 663 1867 85
681 1845 688 1866 :
715 1847 727 1859 ¹‹
744 1833 904 1866 Senatori
936 1833 1047 1866 latum
1067 1832 1205 1865 clavum

522 1886 670 1927 ademit,
688 1899 797 1931 quum
815 1886 1033 1931 cognovisset
1051 1886 1116 1918 sub
1132 1886 1206 1918 Ka-

521 1939 646 1973 lendas
663 1939 749 1972 Julii
770 1938 982 1984 demigrasse
1005 1939 1040 1971 in
1059 1938 1181 1971 hortos
1197 1963 1206 1979 ‚

524 2006 598 2039 quo
617 1992 721 2026 vilius
732 2000 812 2037 post
829 1992 923 2026 diem
947 1990 1037 2025 aedes
1057 1992 1091 2024 in
1108 1992 1206 2024 Urbe

526 2044 750 2083 conduceret.
765 2062 777 2074 »

583 2099 617 2133 3.
632 2100 786 2132 Proxima
799 2125 807 2139 ,
826 2110 899 2132 non
916 2110 977 2143 pro
999 2097 1081 2130 bima
1095 2124 1104 2138 ‚
1129 2097 1207 2130 MS.

528 2152 734 2186 Beverl.———
756 2152 845 2196 Quas
875 2164 938 2184 uon
963 2158 1107 2183 retentas.
1132 2151 1209 2183 Hoc

529 2215 580 2240 est
595 2228 604 2244 ‚
619 2218 705 2251 quas
717 2204 976 2239 conductarum
993 2216 1009 2236 a
1031 2212 1063 2237 te
1079 2202 1207 2236 aedium

527 2258 692 2293 dominus
710 2271 776 2304 pro
793 2257 962 2304 pensione
980 2257 1138 2299 biennii,
1156 2264 1211 2289 ut-

528 2321 612 2359 pote
642 2312 803 2353 viliores‚
832 2310 990 2356 pignoris
1016 2310 1094 2343 loco
1125 2310 1209 2343 reti-

528 2379 613 2400 nere
633 2365 759 2398 noluit.

587 2424 621 2460 4.
636 2419 743 2464 Rapta
756 2429 821 2463 pro
839 2418 912 2460 rufa
931 2415 1039 2450 codex
1057 2416 1130 2450 MS.
1148 2417 1212 2449 Be-

528 2471 751 2507 verlandi—
763 2470 912 2504 Crinibus
933 2477 1058 2515 septem.
1084 2469 1125 2502 Id
1142 2478 1210 2511 est,

528 2539 618 2559 uxor
637 2533 695 2558 tua
718 2524 825 2558 calva.

589 2579 623 2613 5.
642 2578 742 2612 Casta
765 2576 846 2611 cod.
868 2576 904 2609 in
923 2588 1029 2621 marg.
1055 2574 1110 2608 ed.
1133 2575 1211 2609 Par.

540 2635 635 2677 1617
649 2656 660 2674 ,
677 2631 738 2665 ubi
759 2643 838 2664 cana
859 2629 968 2675 magis
993 2628 1036 2663 ad
1062 2641 1134 2662 rem
1165 2628 1214 2662 fa-

1259 1524 1338 1547 cere
1375 1521 1497 1547 monet
1524 1511 1725 1548 adnotator.
1747 1533 1798 1538 ——
1827 1511 1942 1545 Sor-ore

1259 1568 1390 1611 ingenti.
1421 1569 1536 1600 [Etate
1566 1566 1718 1605 scilicet,
1746 1563 1940 1598 secundum

1260 1618 1456 1662 Raderum;
1477 1618 1595 1653 adulta
1612 1628 1730 1652 autem
1752 1626 1785 1652 et
1805 1626 1943 1651 carente

1262 1673 1354 1711 viro,
1374 1671 1570 1706 secundum
1589 1672 1800 1705 Domitium.
1817 1672 1944 1715 Ingenti

1262 1725 1352 1758 forte
1370 1725 1498 1758 melius
1517 1726 1646 1758 referas
1665 1732 1801 1758 tantum
1819 1723 1863 1756 ad
1882 1724 1945 1756 im·

1262 1790 1401 1811 manem
1422 1779 1581 1824 corporis
1602 1778 1863 1823 proceritatem.

1319 1833 1354 1866 8.
1382 1832 1459 1865 Nou
1492 1834 1618 1865 recenti.
1649 1831 1726 1865 Hoc
1748 1838 1822 1870 est,
1845 1828 1944 1863 arido

1264 1885 1357 1918 buxo
1377 1883 1555 1930 pallidior.

1319 1950 1354 1982 9.
1374 1938 1433 1971 Ad
1455 1951 1507 1970 rus
1536 1937 1611 1970 MS.
1643 1936 1780 1969 Beverl.
1801 1957 1852 1963 --
1875 1936 1946 1969 Irus

1266 1999 1388 2023 tuorum
1413 1998 1594 2035 temporum.
1618 1990 1701 2023 Erat
1728 1989 1786 2022 ille
1808 1988 1946 2022 mendi-

1265 2056 1328 2077 cus
1344 2052 1378 2076 et
1394 2043 1558 2077 omnium
1577 2042 1780 2076 mortalium
1796 2054 1947 2088 pauper-

1266 2097 1397 2136 rimus,
1421 2096 1464 2130 de
1490 2109 1561 2143 quo
1582 2095 1664 2131 vide
1687 2108 1794 2141 supra
1819 2095 1881 2129 lib.
1905 2096 1947 2134 V,

1267 2150 1379 2196 epigr.
1402 2163 1459 2183 XL.

1326 2216 1339 2236 1
1350 2216 1383 2236 o.
1399 2204 1521 2237 Cliwum
1539 2203 1720 2237 Aricinum.
1736 2202 1809 2235 Ubi
1825 2200 1950 2235 sedent

1268 2256 1438 2297 mendici,
1460 2257 1520 2290 lib.
1538 2257 1574 2289 II
1588 2283 1596 2298 ‚
1616 2256 1726 2301 epigr.
1749 2268 1822 2288 mx.
1841 2254 1951 2296 Quasi

1269 2309 1379 2351 dicat,
1392 2309 1552 2343 crederes
1569 2308 1751 2342 mendicos
1768 2320 1888 2341 omnes
1910 2319 1950 2340 ex

1269 2363 1360 2396 colle
1393 2363 1558 2403 Aricino,
1585 2362 1646 2394 ubi
1677 2361 1952 2406 frequentissimi

1269 2425 1486 2462 spectantur,
1510 2415 1578 2448 alio
1600 2413 1792 2448 discedere.

1330 2481 1344 2501 1
1358 2482 1388 2503 1.
1418 2470 1528 2514 Tristes
1548 2468 1715 2513 grabatus.
1734 2467 1825 2500 Vilis
1846 2465 1952 2499 nimi-

1271 2535 1350 2555 rum
1365 2522 1494 2563 lectus,
1512 2521 1571 2555 cui
1586 2529 1626 2554 ut
1643 2529 1677 2554 et
1690 2533 1818 2554 mensae
1835 2518 1955 2552 deerat

1274 2588 1365 2609 unus
1397 2588 1458 2621 pes
1478 2587 1486 2608 :
1509 2587 1636 2608 mensae
1657 2573 1750 2608 enim
1773 2581 1813 2606 ut
1837 2572 1954 2618 pluri-

1275 2641 1372 2662 mum
1396 2629 1510 2662 tribus
1535 2627 1686 2674 pedibus
1707 2626 1953 2660 fulciebantur.
