2044 3292
512 197 601 250 184

880 198 940 241 Μ.
965 198 1103 241 VAL.
1148 199 1536 244 MARTIALIS

1080 348 1349 405 XXXV.

1018 486 1424 534 SECURICULA.*

582 630 732 687 QUUM
761 628 884 673 fieret
908 630 1041 673 tristis
1065 629 1281 674 solvendis
1301 632 1444 675 auctio
1469 633 1678 688 nummis,

655 701 757 744 Haec
783 698 1109 760 quadringentis
1134 698 1323 746 millibus
1349 710 1496 762 empta
1519 700 1614 746 fuit.

567 832 582 848 ¹
603 836 793 871 Securicula.
817 836 892 871 Hoc
921 845 992 879 est,
1013 850 1118 884 parva
1139 850 1192 872 ee-

518 891 620 925 curis.

576 955 607 976 1.
627 944 732 988 Quum
744 942 852 988 fieret.
876 943 998 985 Quum
1018 944 1192 978 bellorum

519 995 679 1029 civilium
703 1004 861 1043 tempore
887 996 1019 1030 civium
1042 997 1193 1043 proscri-

518 1056 660 1094 ptorum
684 1049 777 1083 bona
796 1050 862 1085 sub
882 1050 980 1084 hasta
1000 1049 1193 1085 venderen-

521 1110 599 1144 tur,
618 1102 692 1136 haec
713 1102 904 1137 securicula
926 1115 1063 1137 summo
1084 1104 1197 1150 pretio

522 1153 664 1192 vendita
677 1155 766 1199 fuit3
783 1155 880 1201 quod
896 1164 980 1191 tunc
995 1157 1127 1191 ferrum
1142 1170 1197 1191 re-

522 1208 588 1242 bus
599 1208 672 1242 aliis
680 1209 842 1243 omnibus
853 1209 965 1244 carius
977 1219 1076 1253 esset,
1088 1222 1198 1256 quum

523 1273 644 1295 omnes
669 1261 712 1295 ad
739 1274 833 1296 arma
859 1272 1120 1298 concurrerent.
1144 1265 1198 1297 An

524 1313 615 1348 forte
626 1315 778 1360 pretiosa
787 1315 857 1350 fuit
868 1316 911 1350 ab
923 1315 1063 1350 artificis
1073 1316 1200 1361 opere?

527 1365 656 1401 Videat
669 1367 793 1402 lector.
808 1384 859 1390 —
877 1369 950 1403 Nos
966 1381 1038 1403 non
1062 1369 1120 1403 hic
1139 1370 1201 1402 im-

527 1418 766 1463 morabimur,
789 1422 860 1455 utri
879 1422 1128 1468 explicantium
1152 1423 1201 1456 fa·

526 1472 680 1507 vendum
701 1473 746 1507 sit
764 1474 944 1519 quaesituri
963 1469 1086 1521 (prior
1107 1475 1200 1522 enim

526 1537 644 1560 sensus
667 1525 839 1562 ridiculus
861 1527 1032 1569 nimium;
1052 1536 1086 1560 et
1105 1530 1201 1561 tristis

1253 838 1433 884 epitheton
1443 846 1493 872 est
1503 837 1599 885 quod
1609 851 1744 885 semper
1753 839 1838 874 huic
1851 841 1926 874 voci

1252 891 1358 924 auetio
1373 892 1551 938 jungitur,
1571 900 1605 926 et
1622 892 1775 926 solvendis
1799 895 1928 926 nummis

1252 945 1482 990 perspicuum
1496 945 1578 980 facit
1592 944 1637 980 de
1652 945 1856 992 proscriptis
1871 946 1929 979 hic

1253 1010 1326 1031 non
1343 998 1397 1044 agi
1409 996 1443 1040 );
1460 997 1520 1033 sed
1535 999 1709 1044 legentem
1725 998 1928 1033 admonebi-

1257 1064 1333 1085 mus
1350 1077 1360 1094 ,
1381 1051 1532 1086 voluisse
1555 1052 1754 1086 Martialem
1774 1051 1930 1086 indicare

1257 1105 1379 1150 quanti
1415 1104 1573 1139 facienda
1606 1105 1680 1139 haec
1710 1105 1842 1139 securis
1855 1127 1866 1143 ‚
1897 1113 1933 1138 et

1257 1170 1362 1204 quam
1380 1157 1520 1192 infinito
1537 1158 1652 1205 pretio
1668 1155 1826 1192 emenda.
1840 1157 1931 1191 Nam

1258 1211 1293 1243 in
1328 1223 1366 1244 ea
1404 1212 1565 1245 auctione
1599 1224 1704 1258 quam
1737 1210 1933 1257 pecuniolae

1257 1276 1359 1309 egens
1391 1264 1473 1297 facis
1486 1291 1496 1306 ,
1526 1264 1748 1310 pecuniolam
1779 1263 1843 1297 tibi
1876 1271 1934 1296 ut·

1259 1329 1409 1363 cumque
1426 1325 1608 1363 paraturus
1619 1343 1628 1361 ,
1639 1316 1807 1351 vilissimo
1821 1316 1935 1362 pretio

1259 1370 1385 1416 saepius
1405 1370 1560 1415 pretiosa
1580 1370 1689 1404 multa
1709 1368 1847 1404 vendis.
1857 1369 1935 1402 Tali

1259 1422 1365 1468 igitur
1382 1424 1419 1456 in
1442 1424 1605 1457 auctione
1624 1423 1652 1457 si
1674 1421 1936 1469 quadringentis

1260 1483 1456 1521 permutata
1491 1477 1555 1509 tibi
1587 1484 1638 1509 est
1667 1475 1813 1516 securis,
1832 1487 1936 1521 quam

1261 1528 1414 1574 pretiosa
1436 1536 1470 1560 et
1485 1528 1630 1574 pulchra
1648 1529 1707 1562 illa
1727 1529 1798 1562 est!
1816 1529 1881 1562 En.

1074 1662 1380 1719 XXXVI.

862 1819 1255 1848 FERRAMRNTA
1294 1819 1602 1849 TONSORIA.

599 1944 876 1988 Tonnmms
906 1943 998 1987 haec
1026 1960 1147 1987 arma
1175 1944 1252 1987 tibi
1282 1953 1384 1988 sunt
1406 1953 1508 2005 apta
1532 1943 1722 2006 capillis3

669 2014 902 2074 Unguibus
924 2014 1017 2058 haec
1039 2013 1179 2075 longis
1202 2013 1340 2070 utilis,
1364 2013 1434 2058 illa
1456 2017 1592 2076 genis.

602 2155 745 2197 Ταῦτα
765 2161 1050 2213 περισσοφυοῢς
1077 2157 1201 2215 κουρᾷ
1226 2156 1360 2215 τριχὸς
1384 2156 1502 2198 ἔντεα
1526 2156 1675 2214 πέμπω

672 2213 855 2284 Ᾰρμενα,
882 2225 948 2267 καὶ
975 2224 1026 2267 τὰ
1054 2225 1211 2286 γνάθοις
1239 2226 1331 2285 μὲν,
1358 2225 1412 2268 τὰ
1440 2221 1479 2268 δ’
1507 2222 1613 2276 ὄνυξι
1636 2230 1815 2286 μακροῖς.

591 2368 623 2389 1.
635 2356 718 2389 Hoec
733 2369 833 2390 arma.
851 2356 989 2390 Forfex.
1006 2357 1059 2390 Ne
1075 2357 1211 2390 mireris

534 2421 617 2442 vero
635 2409 732 2443 istam
755 2422 878 2444 vocem
900 2422 987 2442 arma
1005 2422 1071 2456 pro
1094 2413 1211 2443 instru-

535 2470 637 2494 menta
652 2463 827 2508 usurpari.
845 2462 900 2497 Sic
916 2475 1006 2509 saepe
1022 2475 1160 2506 omneS‚
1177 2472 1213 2497 et

531 2515 604 2561 ipse
618 2515 735 2562 paullo
749 2528 853 2561 supra
863 2542 872 2558 ‚
888 2528 942 2562 ep.
954 2529 1068 2550 xx111:
1084 2518 1211 2550 «Arma

532 2567 654 2602 damus
677 2569 783 2603 tantis
803 2578 883 2615 apta
905 2568 1124 2604 libidinibus.
1148 2590 1159 2599 μ

587 2635 616 2655 2.
626 2623 708 2655 Ilwc
719 2623 820 2666 longis
833 2624 929 2656 utilis.
946 2623 1126 2669 Scalprum
1139 2632 1209 2656 ton-

1271 2356 1413 2390 sorium.
1429 2357 1587 2402 Namque
1600 2364 1634 2390 et
1647 2369 1778 2402 ungues
1793 2367 1946 2390 resecare

1271 2409 1315 2443 ad
1330 2418 1488 2443 tonsores
1501 2410 1709 2456 pertinebat.
1723 2410 1773 2443 Ut
1785 2409 1829 2444 de
1845 2409 1946 2443 Bruti

1271 2463 1394 2497 Porcia
1406 2463 1512 2497 refert
1519 2463 1596 2497 Val.
1611 2463 1704 2497 Max.
1716 2463 1776 2497 lib.
1789 2463 1842 2496 111
1851 2488 1860 2504 ,
1872 2475 1946 2508 cap.

1274 2530 1290 2550 2
1307 2539 1317 2555 ,
1335 2525 1368 2550 et
1381 2516 1441 2550 lib.
1456 2516 1522 2559 IV,
1534 2529 1608 2562 cap.
1626 2518 1646 2550 6
1661 2543 1669 2558 ,
1685 2525 1718 2550 et
1733 2515 1777 2550 de
1791 2515 1947 2555 Vuheim

1272 2569 1434 2603 Horatius
1449 2597 1456 2611 ‚
1470 2570 1577 2603 libi-il
1597 2570 1696 2615 epist.
1716 2583 1747 2613 7.
1768 2591 1817 2596 —-
1835 2568 1947 2603 Genis.

1273 2623 1445 2656 Novacula
