1901 3259
318 218 901 261 EPIGRAMMATUM
937 217 1061 259 LIB.
1101 218 1238 260 XIV.

1386 234 1479 277 227

714 369 852 426 CX.

480 525 752 554 AMPULLA
792 525 1060 553 POToniA.
1083 503 1099 520 *

153 654 252 695 HAG
281 649 379 694 licet
406 651 450 693 in
481 667 679 710 gemma,
701 667 795 710 quae
821 659 964 694 servat
990 651 1166 693 nomina
1188 650 1359 703 Cosmi,

222 721 462 764 Luxuriose
477 757 488 776 ,
512 721 658 775 bibas,
679 721 714 764 si
735 719 881 764 foliata
900 721 1004 763 sitis.

154 852 210 910 ΕΞ
239 861 352 902 ὑέλου
384 861 560 913 ταύτης,
586 859 608 906 ἢ
638 860 804 918 Κόσμου
836 859 1039 918 ἐπώνυμός
1068 860 1149 912 ἐςι,

222 929 356 979 Πίνοις
382 931 434 983 κ’,
464 929 496 971 εἰ
525 924 645 988 διψῇς
670 929 790 971 πίονα
815 925 1067 988 μαλόὲαθρα.

135 1065 149 1079 '‘
170 1069 335 1114 Ampulla.
354 1067 520 1113 Ampulla
548 1079 658 1099 unum
686 1075 760 1100 erat

84 1134 124 1155 ex
141 1121 278 1155 vasibus
297 1119 539 1165 unguentariis
551 1145 560 1160 ‚
579 1132 655 1164 quae
675 1127 758 1152 tunc

83 1187 192 1220 quum
217 1174 325 1207 multa
348 1181 460 1206 essent
489 1180 522 1205 et
552 1172 758 1218 multiplicis

85 1228 204 1260 formae
214 1252 223 1268 ,
238 1226 421 1271 multiplex
433 1236 562 1258 nomen
581 1225 738 1258 ferebant
748 1249 757 1266 ‚

83 1281 197 1326 qualia
216 1278 383 1325 pyxideS‚
405 1278 573 1311 alabastra
595 1290 657 1311 seu
687 1278 756 1310 ala-

82 1333 211 1374 bastri,
243 1332 358 1366 holcia
378 1357 387 1373 ‚
425 1330 558 1377 lecythi
577 1355 588 1371 .,
618 1330 726 1363 crussi
746 1352 757 1370 ‚

85 1386 202 1432 pyeli,
232 1384 386 1429 onyches
403 1396 413 1425 ;
447 1383 659 1429 demumque
691 1396 758 1415 am-

80 1439 190 1483 pullae.
206 1438 279 1470 Illis
298 1449 378 1482 ergo
394 1436 550 1482 primum
571 1436 659 1469 nihil
674 1448 761 1482 prae-

85 1499 138 1524 ter
172 1498 347 1536 unguenta
392 1487 663 1530 infundebatur,
699 1487 760 1522 sed

84 1545 185 1577 luxus
210 1556 251 1576 eo
276 1542 481 1584 devenerat,
503 1550 542 1574 ut
563 1540 606 1574 ad
634 1541 760 1574 biben-

86 1596 171 1630 dum
207 1596 274 1629 illis
302 1603 485 1629 uterentur
512 1594 684 1634 Romani,
722 1602 761 1627 ut

86 1661 211 1694 nempe
231 1647 481 1682 delicatissimis
509 1646 677 1680 odoribus
699 1659 760 1680 na-

86 1714 140 1735 res
152 1701 218 1735 sibi
237 1702 341 1734 etiam
357 1701 392 1733 in
409 1699 629 1745 perpotando
647 1711 762 1745 pasce-

86 1764 176 1788 rent.
194 1754 327 1787 Plinius
343 1753 404 1785 lib.
422 1754 492 1794 III,
509 1764 585 1798 cap.
616 1753 635 1786 3
649 1779 659 1795 ‚
684 1769 697 1782 «
716 1753 761 1785 At

86 1807 227 1841 hercule
243 1809 314 1852 jam
334 1804 477 1850 quidem
496 1805 599 1838 etiam
620 1805 655 1837 in
676 1813 762 1850 potu

87 1859 236 1894 addunt‘
253 1877 267 1889 »ν
297 1859 451 1904 Supple,
478 1867 656 1903 unguenta
677 1870 761 1891 exo·

88 1914 168 1946 tica.
198 1913 250 1945 Ex
281 1913 335 1946 his
364 1913 436 1956 jam
468 1919 563 1956 patet
590 1923 693 1956 quam
717 1911 762 1943 ob

88 1978 225 1999 causam
242 1965 325 1998 huic
342 1964 441 2006 voci,
461 1963 600 2009 ampulla
612 1991 620 2003 ‚
636 1964 763 1996 Noster

88 2019 124 2051 in
138 2020 299 2052 lemmate
311 2018 401 2051 hanc
411 2025 575 2062 praeterea
586 2015 762 2050 addiderit

84 2074 223 2116 potoria.

146 2137 160 2158 1
171 2150 178 2156 .
190 2123 362 2158 Gemmatis
370 2124 522 2168 fluatque
535 2123 668 2156 Beverl.
686 2121 759 2155 MS.

90 2189 154 2222 pro
176 2189 318 2221 gemma,
342 2189 411 2222 quae
436 2184 548 2208 servat.
561 2197 611 2202 -
622 2175 761 2208 Nomina

92 2229 216 2271 Cosmi;
233 2229 410 2263 Nimirum
430 2228 614 2262 cosmiana
632 2227 724 2261 dicta
743 2240 761 2260 a

820 1067 948 1100 Cosmo
966 1067 1199 1111 unguentario
1209 1079 1218 1108 3
1230 1076 1267 1100 ut
1279 1082 1291 1093 ιι
1305 1068 1494 1102 Cosmianis

818 1118 892 1163 ipse
923 1118 1018 1152 fusus
1045 1119 1209 1164 ampullis
1227 1137 1239 1148 »
1252 1146 1261 1162 ,
1279 1129 1314 1152 et
1334 1121 1398 1153 lib.
1420 1122 1471 1153 Xl
1484 1146 1494 1160 ‚

818 1171 928 1216 epigr.
946 1183 986 1213 L,
1001 1174 1021 1205 6
1033 1197 1042 1213 ,
1057 1172 1262 1204 «Profertur
1273 1173 1390 1206 Cosmi
1402 1186 1496 1207 nunc

819 1223 907 1256 mihi
924 1223 1035 1257 siccus
1052 1236 1159 1269 onyx.
1175 1241 1188 1253 n
1200 1224 1344 1258 -Falli
1364 1226 1422 1258 hic
1442 1227 1495 1259 in-

819 1284 989 1322 terpretes
1008 1289 1104 1318 reor,
1118 1285 1152 1310 et
1168 1278 1318 1311 libenter
1337 1278 1497 1312 credide-

818 1329 886 1362 rim
910 1329 1082 1363 curavisse
1106 1330 1273 1363 Cosmum
1296 1331 1443 1377 insculpi
1463 1340 1498 1364 et

820 1382 981 1427 ampullis
994 1391 1027 1415 et
1040 1382 1136 1422 ὄνυξιν
1152 1391 1186 1416 et
1202 1383 1242 1417 iis
1260 1385 1423 1417 omnihus
1439 1397 1498 1418 va-

819 1435 923 1468 sculis
939 1447 1018 1479 quae
1028 1445 1289 1481 unguentorum
1301 1437 1404 1482 plena
1418 1449 1499 1470 ven-

821 1487 925 1521 debat
938 1501 1067 1521 nomen
1079 1499 1192 1530 suum,
1208 1490 1375 1523 caelaturae
1390 1489 1497 1523 modo

821 1539 973 1585 quodam
994 1553 1141 1582 arcano,
1159 1554 1204 1574 ne
1226 1550 1341 1587 posset
1361 1555 1402 1576 ex
1423 1543 1498 1576 aliis

821 1593 1059 1639 unguentariis
1089 1594 1182 1627 ullus
1211 1595 1311 1640 quasi
1346 1596 1499 1629 Cosmia-

820 1659 907 1679 num
930 1646 1062 1692 aliquid
1077 1646 1214 1680 tradere
1232 1647 1328 1692 quod
1345 1660 1362 1680 e
1379 1648 1497 1682 Cosmi

821 1700 984 1732 manibus
994 1699 1209 1732 elaboratum
1220 1712 1291 1733 non
1304 1701 1405 1734 foret.
1419 1702 1499 1734 Am-

821 1752 925 1797 pullae
946 1753 1059 1785 omnis
1080 1753 1195 1797 liquor
1217 1754 1287 1798 jam
1311 1754 1498 1787 exhaustus

822 1812 893 1846 est,
921 1817 1033 1850 neque
1061 1804 1253 1850 quidquam
1276 1805 1408 1839 Cosmii
1427 1808 1496 1852 jam

821 1866 998 1898 remanet,
1018 1858 1085 1891 nisi
1113 1859 1341 1892 Cosmianum
1367 1872 1497 1893 nomen

822 1919 857 1943 et
876 1909 986 1953 odor;
1009 1910 1092 1943 huic
1110 1912 1181 1956 jani
1207 1911 1330 1945 vinum
1356 1911 1496 1946 infundi

824 1963 916 1996 licet.

879 2029 911 2050 2.
932 2015 969 2049 Si
991 2017 1122 2059 foliata.
1146 2016 1234 2058 Quae
1266 2017 1315 2050 sic
1346 2017 1496 2063 explicat

821 2069 956 2102 Plinius
975 2069 1035 2102 lib.
1056 2069 1163 2110 XIII,
1183 2082 1256 2115 cap.
1283 2082 1313 2103 1.
1335 2088 1347 2100 «
1366 2069 1494 2104 Nardi-

820 2134 905 2155 num
915 2149 924 2164 ‚
935 2121 1007 2155 sive
1019 2121 1175 2154 foliatum
1184 2148 1193 2163 ‚
1204 2131 1337 2156 constat
1348 2123 1495 2169 ompha-

821 2174 896 2216 cio,
915 2175 1057 2216 balano,
1077 2183 1191 2216 cosm,
1218 2176 1343 2221 junco,
1364 2175 1496 2217 nardo,

823 2240 959 2261 amomo
971 2253 980 2268 ‚
1000 2228 1160 2271 myrrha,
1174 2228 1337 2262 balsamo.
1353 2247 1365 2257 ιι

1278 2702 1329 2716 1-2

1244 2718 1298 2748 BC)
