2044 3292
489 230 554 276 (io

862 235 924 278 M.
948 235 1087 280 VAL.
1127 238 1518 281 MARTIALIS

700 320 764 365 Ne
790 323 923 383 gratis
947 325 1099 369 recitet
1120 341 1240 370 meos
1265 324 1446 370 libellos.

699 393 900 448 Ferrem,
926 395 961 438 si
986 394 1150 440 faceret
1172 396 1312 441 bonus
1339 405 1491 457 poeta,

697 463 781 507 Cui
805 481 977 525 possem
1001 465 1104 510 dare
1130 477 1304 511 mutuos
1329 466 1518 511 honores
1538 483 1546 508 :

701 535 958 596 Corrumpit
985 536 1076 580 sine
1105 536 1266 581 talione
1290 536 1471 592 caelebs;

702 605 854 649 Caecus
884 606 1067 666 perdere
1091 624 1180 651 non
1203 616 1347 668 potest
1368 606 1487 668 quod
1517 606 1670 650 aufert.

697 673 770 719 Nil
796 684 861 719 est
884 675 1073 721 deterius
1094 677 1263 722 latrone
1287 677 1430 732 nudo,

697 744 769 788 Nil
798 748 991 792 securius
1022 758 1087 792 est
1115 747 1229 792 malo
1259 758 1398 809 poeta.

545 895 577 926 7.
601 883 668 916 Nec
689 883 800 917 Palat.
819 905 872 912 —
896 884 1010 919 Gratis
1035 888 1163 927 recitet,

490 943 558 968 etc.
587 936 747 982 Impune.
776 937 843 971 Cui
871 938 969 972 nulla
994 939 1050 973 vel
1078 940 1165 973 mala

490 987 657 1023 scribenti
676 990 830 1023 carmina
849 1003 923 1024 non
941 1004 1083 1037 possum
1103 1005 1166 1037 ego

489 1041 618 1075 referre
631 1042 776 1088 gratiam
788 1068 798 1084 ‚
814 1043 907 1078 illius
923 1045 1071 1079 recitans
1086 1057 1167 1079 cum

494 1095 627 1129 honore
639 1120 649 1136 ‚
670 1104 710 1129 ut
728 1095 786 1129 ille
804 1109 891 1130 mea.

546 1160 581 1191 9.
605 1148 668 1182 Cui
682 1162 814 1194 possem.
833 1150 918 1196 Ejus
939 1150 1070 1196 quippe
1089 1163 1167 1184 ver-

492 1213 548 1234 sus
570 1213 635 1246 pro
655 1202 743 1236 meis
760 1202 919 1236 canendo
932 1229 941 1244 ,
960 1216 1079 1249 parem
1102 1203 1168 1250 ipsi

492 1253 631 1288 laudem
654 1255 864 1301 impertirer.

551 1320 608 1340 10.
629 1307 809 1354 Corrumpit
828 1311 894 1342 sine
913 1310 1030 1342 talione
1049 1311 1166 1343 coelebs.

491 1361 641 1402 Caelebs3
658 1362 880 1407 metaphora,
894 1362 983 1396 nihil
1002 1363 1167 1397 scribens.

494 1414 633 1447 ——Non
647 1415 827 1449 translatio
837 1424 906 1458 est,
921 1414 983 1449 sed
991 1428 1170 1463 compara—

493 1466 564 1500 tio:
585 1480 649 1501 nec
670 1469 780 1501 caelebs
798 1469 888 1502 nihil
915 1470 1087 1511 scribens,
1110 1469 1171 1504 sed

492 1519 553 1564 qui
572 1532 644 1553 nou
663 1521 767 1555 habet
779 1535 936 1555 uxorem.
954 1523 987 1556 Is
1000 1522 1172 1557 adulterat

492 1570 582 1609 (hoc
610 1574 706 1608 enim
725 1583 776 1608 est
799 1575 998 1621 Corrumpit)
1018 1576 1092 1610 sine
1120 1584 1171 1610 ta·

1227 888 1338 928 lione,
1353 887 1399 920 ita
1424 895 1461 920 ut
1484 899 1546 932 par
1569 898 1633 931 pro
1655 886 1731 931 pari
1751 885 1781 918 ei
1802 884 1903 919 reddi

1226 953 1297 973 non
1313 940 1438 986 possit3
1457 947 1552 973 caret
1569 939 1662 972 enim
1675 950 1785 972 uxore
1797 964 1807 980 ‚
1824 950 1904 984 quae

1226 993 1378 1027 vicissim
1399 1000 1655 1038 corrumpatur.
1687 991 1826 1026 Gronov.
1853 1012 1903 1017 -

1226 1046 1303 1080 Sine
1324 1044 1620 1079 talione.Vindicta
1638 1045 1753 1091 parili.

1286 1111 1299 1132 1
1312 1111 1342 1132 1.
1362 1099 1473 1132 Caecm
1485 1099 1628 1144 perdere,
1648 1106 1715 1131 etc.
1731 1097 1811 1131 Non
1828 1109 1906 1143 pos-

1228 1152 1272 1186 sis
1296 1152 1372 1196 lege
1398 1151 1536 1185 talionis
1565 1163 1663 1197 agere
1686 1163 1766 1184 cum
1795 1162 1906 1190 caec0,

1229 1205 1292 1251 qui
1312 1204 1412 1238 alteri
1431 1205 1572 1238 oculum
1591 1204 1734 1237 eruerit.

1287 1270 1299 1291 1
1311 1271 1343 1291 2.
1358 1258 1592 1291 Nudo....mal0
1604 1265 1712 1301 poeta.
1731 1255 1798 1290 Cui
1815 1255 1905 1289 nihil

1229 1319 1278 1344 est
1300 1309 1397 1356 quod
1421 1311 1572 1344 vicissim
1597 1310 1743 1343 auferas.
1767 1307 1906 1343 Cordu-

1229 1365 1374 1397 bensem
1390 1363 1502 1397 furem
1520 1376 1600 1396 cum
1615 1375 1705 1396 caeco
1721 1370 1755 1396 et
1772 1362 1906 1396 latrone

1230 1425 1410 1463 comparat
1434 1416 1678 1462 ignominiosis
1706 1413 1905 1449 similitudi-

1230 1470 1333 1504 nibus
1347 1497 1355 1510 ,
1376 1478 1417 1503 ut
1436 1469 1548 1503 acrius
1566 1468 1736 1502 mordeat.

1289 1523 1344 1556 13.
1368 1523 1430 1557 Nil
1447 1525 1583 1556 securius
1605 1530 1660 1556 est.
1685 1522 1773 1555 Nam
1796 1521 1906 1566 inepti

1232 1585 1342 1622 poetae
1364 1576 1518 1610 carmina
1541 1576 1620 1622 quis
1639 1574 1802 1609 furetur?

1088 1711 1318 1767 LXIV.

1044 1870 1107 1897 DE
1155 1847 1375 1898 emmim*

569 1991 853 2034 V1NCENTEM
880 2007 1027 2035 roseos
1054 1991 1249 2052 facieque
1278 2007 1490 2051 comaque
1515 1991 1736 2034 ministros⁴

635 2060 775 2103 Cinna
807 2077 998 2122 coquum
1028 2062 1159 2106 fecit:
1186 2063 1326 2106 Cinna
1358 2060 1534 2123 gulosus
1564 2061 1697 2104 homo
1725 2069 1800 2104 est.

553 2193 564 2206 '¹
594 2197 691 2232 Nihil
721 2199 778 2232 hic
809 2199 986 2233 varietatis
1014 2199 1174 2246 produnt

498 2252 569 2284 sive
598 2252 826 2293 membranae,
857 2252 929 2286 sive
957 2253 1039 2286 libri
1067 2253 1174 2299 praelo

500 2317 633 2338 excusi.

560 2369 588 2390 1.
613 2359 738 2391 Roseos.
763 2359 811 2392 Ut
838 2367 871 2392 et
891 2359 1024 2392 sidereos
1040 2387 1048 2399 ,
1073 2373 1174 2392 roseos

500 2409 680 2456 epitheton
703 2419 753 2445 est
784 2410 938 2445 solemne
970 2411 1013 2445 ad
1042 2412 1174 2445 eximiae

500 2465 619 2497 formae
643 2466 783 2509 juvenes
804 2473 836 2497 et
857 2477 1048 2509 pueros.-—
1062 2465 1172 2498 Coma.

501 2517 659 2551 Diximus
681 2518 747 2562 jam
771 2531 869 2551 conia
887 2519 987 2562 longa
1008 2517 1175 2564 distingui

1234 2213 1361 2246 pueros
1371 2212 1380 2241 ;
1391 2212 1507 2244 neque
1521 2199 1585 2233 hac
1600 2211 1658 2232 eos
1673 2206 1754 2233 ante
1768 2198 1909 2243 spoliari

1234 2266 1339 2299 quam
1359 2253 1450 2286 inter
1466 2252 1558 2285 viros
1577 2251 1856 2285 admitterentur.

1290 2320 1319 2339 2.
1335 2306 1440 2340 Cinna
1452 2306 1593 2349 gulosus.
1604 2305 1677 2346 Qui
1690 2312 1729 2337 ut
1741 2304 1832 2349 gulae
1842 2316 1910 2337 suae

1235 2359 1463 2398 satisfaceret,
1480 2357 1647 2391 sustinuit
1663 2364 1797 2390 tantam
1813 2357 1909 2402 pueri

1236 2410 1539 2457 pulchritudinem
1570 2410 1701 2444 violare
1726 2410 1824 2453 nigra
1851 2421 1910 2442 cu—

1235 2465 1305 2498 lina
1321 2490 1329 2504 ‚
1349 2473 1387 2498 ut
1405 2465 1475 2509 jain
1497 2462 1586 2497 dixit
1605 2462 1648 2496 de
1661 2463 1909 2508 Theopompo:

1236 2518 1294 2551 lib.
1315 2518 1368 2556 X,
1392 2517 1500 2562 epigr.
1526 2528 1620 2549 vai.
