1901 3259
321 230 905 275 EPIGRAMMATUM
944 230 1068 272 LIB.
1109 229 1246 272 XIV.

1401 226 1490 271 183

624 382 944 437 XXXIII.

698 535 879 564 PUGIO.

156 662 328 717 Fumo,
351 678 480 722 quem
507 663 649 706 curvis
676 663 815 724 signat
840 662 983 705 brevis
1010 660 1148 704 orbita
1175 662 1315 713 venis,

226 731 489 776 Stridentem
515 731 664 793 gelidis
690 733 806 776 hunc
830 731 929 776 Salo
951 732 1075 775 tinxit
1098 732 1231 790 aquis.

158 862 336 922 Ῐθυτενῆς
363 874 407 920 ἢν
438 871 540 930 φλὲψ
570 873 746 931 μεσοίτην
778 869 968 932 ἐχάραξε,
1001 872 1204 931 μάχαιραν

224 937 414 992 Σίζουσαν
437 941 587 1002 ψυχρὸν
619 942 722 1001 βάψε
749 943 932 993 Σάλιονος
958 937 1080 1002 ὕδωρ.

135 1092 161 1113 1.
178 1079 290 1125 Cingit
300 1093 365 1125 pro
381 1082 490 1125 signat
501 1079 578 1114 cod.
595 1081 631 1113 in
646 1093 755 1126 marg.

83 1130 137 1165 ed.
163 1132 240 1166 Par.
266 1136 362 1177 1617
376 1159 384 1172 ‚
413 1141 447 1166 et
472 1134 521 1167 sic
540 1133 624 1166 alios
644 1133 757 1178 legere

82 1184 363 1219 notatSchrevel.
377 1185 482 1219 Curva
492 1199 573 1218 vena
584 1185 639 1220 ed,
655 1186 755 1219 Barb.

82 1245 116 1270 et
134 1237 182 1271 sic
201 1238 278 1280 alii,
296 1247 464 1272 monente
483 1238 559 1272 eod.
581 1238 755 1272 Schrevel.

87 1290 335 1336 «Inquinatum
363 1304 435 1325 esse
465 1291 560 1325 hunc
585 1292 607 1324 l.
638 1292 756 1325 nullus

81 1341 217 1377 dubito.
234 1343 330 1385 Quid
349 1344 377 1377 si
392 1345 483 1390 legas
502 1347 596 1377 curtis
613 1347 713 1389 cingit
725 1345 754 1378 b.

82 1396 164 1428 orbis
185 1397 311 1429 habenis
321 1402 339 1428 9
363 1397 468 1442 Conj.
490 1406 645 1431 nostram
668 1410 754 1442 quo-

80 1447 268 1482 dammodo
294 1451 414 1495 juvare
435 1449 576 1483 videtur
599 1449 635 1482 id
658 1449 754 1494 quod

82 1501 185 1534 Palat.
201 1501 279 1535 cod.
293 1513 429 1535 servare
440 1510 558 1535 monet
569 1502 753 1542 Gruterus,

80 1566 173 1586 curva
188 1557 293 1599 signat
310 1554 393 1587 brevi
412 1555 507 1587 §ot-bit
521 1555 649 1588 harena.
667 1572 679 1583 »ν
704 1555 754 1586 De

817 1081 917 1119 Βοογ.
935 1101 988 1106 -—-
1004 1080 1112 1112 Breues
1129 1080 1242 1112 orbita.
1262 1079 1418 1112 Circulos
1435 1090 1493 1111 ve-

818 1145 943 1166 narum
958 1144 1144 1165 curvarum
1157 1132 1307 1177 appellat
1320 1131 1470 1164 orbitam
1488 1143 1495 1163 :

817 1198 914 1219 venae
935 1193 1048 1218 autem
1073 1192 1242 1230 apparent
1259 1184 1295 1217 in
1316 1185 1407 1218 ferro
1429 1195 1492 1228 po-

817 1238 879 1271 lito
898 1246 932 1271 et
951 1245 1159 1283 temperato.
1177 1236 1235 1270 Sic
1253 1236 1424 1270 Raderus.

874 1304 906 1324 2.
923 1291 1121 1324 Stridentem.
1143 1291 1236 1323 Dum
1250 1289 1345 1323 enim
1361 1290 1491 1322 ferrum

817 1343 968 1377 candens
996 1356 1084 1389 aqua
1110 1350 1344 1388 temperatur,
1366 1342 1491 1386 strepi-

817 1405 890 1430 tum
913 1396 996 1430 edit.
1020 1418 1070 1422 ——
1093 1396 1180 1429 Salo.
1206 1396 1255 1428 De
1275 1407 1345 1440 quo
1365 1394 1426 1427 lib.
1451 1395 1466 1426 l
1481 1417 1490 1432 ‚

817 1450 926 1495 epigr.
952 1462 972 1482 L
990 1474 998 1487 ,
1029 1461 1067 1482 11
1094 1457 1128 1482 et
1151 1460 1221 1493 seq.
1249 1465 1261 1477 u
1278 1447 1413 1489 Quibus
1435 1459 1489 1479 re-

814 1503 955 1535 missum
971 1514 1097 1546 corpus
1111 1500 1304 1546 adstringas
1317 1499 1488 1533 brevi-Sa-

812 1555 913 1595 lone,
938 1555 997 1599 qui
1014 1555 1144 1587 ferrum
1169 1553 1267 1597 gelat.
1289 1572 1300 1581 »ι

641 1688 923 1742 XXXIV.

564 1844 706 1872 FALX
746 1845 811 1871 EX
854 1844 1001 1871 ENSE-

149 1970 242 2012 PAX
270 1984 339 2011 me
367 1978 485 2012 certa
511 1967 631 2012 ducis
657 1967 849 2028 placidos
880 1968 1077 2011 curvavit
1110 1968 1150 2010 in
1185 1983 1298 2011 usus.

216 2038 427 2099 Agricolae
453 2055 569 2082 nunc
593 2055 686 2097 qun
703 2074 714 2093 ‚
742 2037 886 2081 militis
918 2047 1017 2080 ante
1050 2037 1124 2080 fui.

147 2173 351 2234 Καίσαρος
372 2174 498 2233 εἰρήνη
524 2175 566 2232 μ’
588 2176 731 2232 ἐρατὴν
753 2175 789 2222 ἐς
811 2180 948 2232 χρῆσιν
970 2172 1137 2231 ἔκαμψε·

215 2244 392 2304 Πρόσθεν
420 2247 540 2287 ὅπλον
569 2251 757 2304 ςρατιῆς,
783 2250 847 2286 νῦν
877 2237 920 2285 δὲ
946 2243 1175 2303 γεωπονίγις.

133 2393 162 2414 ι.
185 2380 282 2413 Creta
299 2380 377 2415 cod.
401 2380 604 2414 Beverlaud.
629 2382 749 2413 Domus

78 2434 191 2466 dociles
206 2433 284 2467 cod.
302 2434 338 2467 in
354 2446 459 2478 marg.
478 2433 533 2467 ed.
548 2434 624 2467 Par.
647 2435 749 2477 1617.

77 2486 133 2518 Sic
149 2485 232 2520 alios
246 2487 360 2531 legere
376 2495 472 2520 notat
488 2485 602 2520 editor
621 2486 749 2532 Delph.

79 2539 227 2583 Proprios
241 2552 306 2584 pro
315 2539 458 2583 placidos
472 2538 547 2573 cod.
563 2539 751 2572 Beverl.-—-

81 2591 176 2624 Certa
190 2592 288 2624 ducis.
302 2591 490 2625 Domitiani
506 2591 648 2625 scilicet.
659 2591 751 2624 Vide

78 2643 138 2677 lib.
154 2645 225 2685 IX,
243 2644 332 2689 epig.
353 2657 434 2678 Lxxt
447 2669 455 2685 ,
479 2657 497 2689 7
518 2653 550 2678 et
567 2646 585 2678 8
604 2656 609 2676 :
627 2644 751 2676 «Nulla

812 2380 941 2413 ducum
953 2380 1070 2413 feritas
1080 2405 1089 2420 ,
1102 2379 1197 2412 nulla
1210 2387 1259 2411 est
1271 2377 1402 2410 insanin
1418 2377 1485 2409 scr-

811 2433 839 2465 ri
855 2433 960 2466 :Pace
971 2433 1042 2466 frui
1053 2439 1160 2473 certa,
1170 2430 1354 2475 laetitiaque
1366 2430 1457 2462 licet.
1468 2446 1481 2458 »

869 2499 899 2518 2.
918 2485 1044 2518 Militis.
1069 2485 1225 2528 Nempe,
1248 2494 1354 2527 quum
1378 2494 1486 2515 essem

812 2539 919 2571 telum
934 2536 1269 2581 militare.Virgilius
1283 2562 1291 2575 ,
1308 2535 1433 2579 Georg.
1453 2535 1468 2565 I
1479 2559 1487 2572 ‚

816 2592 882 2624 508
897 2615 903 2627 ‚
926 2591 989 2624 «Et
1001 2602 1115 2624 curvae
1125 2587 1278 2633 rigidum
1291 2588 1391 2621 falces
1402 2600 1484 2620 con-

812 2642 940 2676 ssantur
964 2644 1000 2675 in
1022 2654 1148 2675 ensem.
1170 2660 1182 2670 »

1195 2713 1275 2756 12⁴
