<?xml version="1.0" encoding="UTF-8"?>
<!DOCTYPE html PUBLIC "-//W3C//DTD XHTML 1.0 Transitional//EN"
    "http://www.w3.org/TR/xhtml1/DTD/xhtml1-transitional.dtd">
<html xmlns="http://www.w3.org/1999/xhtml" xml:lang="en" lang="en">
 <head>
  <title>
</title>
<meta http-equiv="Content-Type" content="text/html;charset=utf-8" />
  <meta name='ocr-system' content='tesseract 3.04.00' />
  <meta name='ocr-capabilities' content='ocr_page ocr_carea ocr_par ocr_line ocrx_word'/>
</head>
<body>
  <div class='ocr_page' id='page_1' title='image "./epigrammata03martuoft/epigrammata03martuoft_0326.png"; bbox 0 0 2044 3292; ppageno 0'>
   <div class='ocr_carea' id='block_1_1' title="bbox 472 197 568 253">
    <p class='ocr_par' dir='ltr' id='par_1_1' title="bbox 472 197 568 253">
     <span class='ocr_line' id='line_1_1' title="bbox 472 197 568 253; baseline 0 -11"><span class='ocrx_word' id='word_1_1' title='bbox 472 197 568 253; x_wconf 73' lang='lat'>246</span> 
     </span>
    </p>
   </div>
   <div class='ocr_carea' id='block_1_2' title="bbox 840 201 1496 245">
    <p class='ocr_par' dir='ltr' id='par_1_2' title="bbox 840 201 1496 245">
     <span class='ocr_line' id='line_1_2' title="bbox 840 201 1496 245; baseline 0 -2"><span class='ocrx_word' id='word_1_2' title='bbox 840 201 901 243; x_wconf 92' lang='lat' dir='ltr'>M.</span> <span class='ocrx_word' id='word_1_3' title='bbox 923 202 1061 244; x_wconf 84' lang='lat' dir='ltr'><strong>VAL.</strong></span> <span class='ocrx_word' id='word_1_4' title='bbox 1102 201 1496 245; x_wconf 89' lang='lat' dir='ltr'>MARTIALIS</span> 
     </span>
    </p>
   </div>
   <div class='ocr_carea' id='block_1_3' title="bbox 1035 350 1296 408">
    <p class='ocr_par' dir='ltr' id='par_1_3' title="bbox 1035 350 1296 408">
     <span class='ocr_line' id='line_1_3' title="bbox 1035 350 1296 408; baseline -0.011 0"><span class='ocrx_word' id='word_1_5' title='bbox 1035 350 1296 408; x_wconf 89' lang='lat' dir='ltr'><strong>CXLII.</strong></span> 
     </span>
    </p>
   </div>
   <div class='ocr_carea' id='block_1_4' title="bbox 1050 486 1301 535">
    <p class='ocr_par' dir='ltr' id='par_1_4' title="bbox 1050 486 1301 535">
     <span class='ocr_line' id='line_1_4' title="bbox 1050 486 1301 535; baseline -0.004 -1"><span class='ocrx_word' id='word_1_6' title='bbox 1050 486 1301 535; x_wconf 60' lang='lat' dir='ltr'>roman*</span> 
     </span>
    </p>
   </div>
   <div class='ocr_carea' id='block_1_5' title="bbox 538 627 1543 743">
    <p class='ocr_par' dir='ltr' id='par_1_5' title="bbox 538 627 1543 743">
     <span class='ocr_line' id='line_1_5' title="bbox 538 627 1543 683; baseline -0.003 -10"><span class='ocrx_word' id='word_1_7' title='bbox 538 630 583 673; x_wconf 82' lang='lat'>51</span> <span class='ocrx_word' id='word_1_8' title='bbox 611 630 870 673; x_wconf 83' lang='lat' dir='ltr'>recitaturus</span> <span class='ocrx_word' id='word_1_9' title='bbox 895 627 1056 671; x_wconf 85' lang='lat' dir='ltr'>dedero</span> <span class='ocrx_word' id='word_1_10' title='bbox 1079 627 1156 671; x_wconf 88' lang='lat' dir='ltr'>tibi</span> <span class='ocrx_word' id='word_1_11' title='bbox 1184 627 1297 672; x_wconf 89' lang='lat' dir='ltr'>forte</span> <span class='ocrx_word' id='word_1_12' title='bbox 1319 627 1513 673; x_wconf 87' lang='lat' dir='ltr'>libellum</span> <span class='ocrx_word' id='word_1_13' title='bbox 1532 663 1543 683; x_wconf 93' lang='lat'>,</span> 
     </span>
     <span class='ocr_line' id='line_1_6' title="bbox 606 697 1423 743; baseline -0.001 0"><span class='ocrx_word' id='word_1_14' title='bbox 606 701 702 743; x_wconf 88' lang='lat' dir='ltr'>Hoc</span> <span class='ocrx_word' id='word_1_15' title='bbox 729 697 866 743; x_wconf 79' lang='lat' dir='ltr'>focale</span> <span class='ocrx_word' id='word_1_16' title='bbox 890 707 987 742; x_wconf 86' lang='lat' dir='ltr'>tuas</span> <span class='ocrx_word' id='word_1_17' title='bbox 1011 707 1173 742; x_wconf 82' lang='lat' dir='ltr'>asserat</span> <span class='ocrx_word' id='word_1_18' title='bbox 1197 698 1423 743; x_wconf 81' lang='lat' dir='ltr'>auriculas.</span> 
     </span>
    </p>
   </div>
   <div class='ocr_carea' id='block_1_6' title="bbox 467 831 1150 1622">
    <p class='ocr_par' dir='ltr' id='par_1_6' title="bbox 467 831 1148 1516">
     <span class='ocr_line' id='line_1_7' title="bbox 521 831 1140 880; baseline -0.003 -10"><span class='ocrx_word' id='word_1_19' title='bbox 521 831 535 846; x_wconf 55' lang='lat'>⁸</span> <span class='ocrx_word' id='word_1_20' title='bbox 553 836 680 870; x_wconf 79' lang='lat' dir='ltr'><em>Focale.</em></span> <span class='ocrx_word' id='word_1_21' title='bbox 706 836 825 869; x_wconf 79' lang='lat' dir='ltr'>Fascia</span> <span class='ocrx_word' id='word_1_22' title='bbox 851 847 977 880; x_wconf 78' lang='lat' dir='ltr'>nempe</span> <span class='ocrx_word' id='word_1_23' title='bbox 1006 836 1074 869; x_wconf 80' lang='lat' dir='ltr'>lata</span> <span class='ocrx_word' id='word_1_24' title='bbox 1098 846 1140 868; x_wconf 89' lang='lat' dir='ltr'>ex</span> 
     </span>
     <span class='ocr_line' id='line_1_8' title="bbox 467 888 1140 934; baseline -0.001 -12"><span class='ocrx_word' id='word_1_25' title='bbox 467 889 546 922; x_wconf 83' lang='lat' dir='ltr'>lana</span> <span class='ocrx_word' id='word_1_26' title='bbox 562 901 630 934; x_wconf 87' lang='lat' dir='ltr'>qua</span> <span class='ocrx_word' id='word_1_27' title='bbox 646 889 842 922; x_wconf 78' lang='lat' dir='ltr'><strong>obstrueret</strong></span> <span class='ocrx_word' id='word_1_28' title='bbox 859 901 974 929; x_wconf 86' lang='lat' dir='ltr'>aures,</span> <span class='ocrx_word' id='word_1_29' title='bbox 990 900 1035 921; x_wconf 88' lang='lat' dir='ltr'>ne</span> <span class='ocrx_word' id='word_1_30' title='bbox 1050 888 1140 922; x_wconf 79' lang='lat' dir='ltr'>mala</span> 
     </span>
     <span class='ocr_line' id='line_1_9' title="bbox 469 941 1142 975; baseline -0.003 0"><span class='ocrx_word' id='word_1_31' title='bbox 469 942 622 975; x_wconf 83' lang='lat' dir='ltr'>carmina</span> <span class='ocrx_word' id='word_1_32' title='bbox 633 941 781 975; x_wconf 87' lang='lat' dir='ltr'>audiret.</span> <span class='ocrx_word' id='word_1_33' title='bbox 794 941 931 974; x_wconf 83' lang='lat' dir='ltr'>Focalia</span> <span class='ocrx_word' id='word_1_34' title='bbox 943 953 1026 974; x_wconf 85' lang='lat' dir='ltr'>vero</span> <span class='ocrx_word' id='word_1_35' title='bbox 1039 953 1056 974; x_wconf 87' lang='lat' dir='ltr'>a</span> <span class='ocrx_word' id='word_1_36' title='bbox 1068 941 1142 974; x_wconf 86' lang='lat' dir='ltr'>fau-</span> 
     </span>
     <span class='ocr_line' id='line_1_10' title="bbox 468 993 1140 1039; baseline -0.001 -11"><span class='ocrx_word' id='word_1_37' title='bbox 468 994 566 1028; x_wconf 87' lang='lat' dir='ltr'><strong>cibus</strong></span> <span class='ocrx_word' id='word_1_38' title='bbox 587 993 679 1028; x_wconf 81' lang='lat' dir='ltr'>dicta</span> <span class='ocrx_word' id='word_1_39' title='bbox 708 1003 804 1035; x_wconf 88' lang='lat' dir='ltr'>sunt,</span> <span class='ocrx_word' id='word_1_40' title='bbox 824 994 951 1039; x_wconf 89' lang='lat' dir='ltr'>quibus</span> <span class='ocrx_word' id='word_1_41' title='bbox 980 994 1140 1028; x_wconf 71' lang='lat' dir='ltr'>haerent:</span> 
     </span>
     <span class='ocr_line' id='line_1_11' title="bbox 469 1045 1142 1093; baseline -0.001 -12"><span class='ocrx_word' id='word_1_42' title='bbox 469 1059 621 1093; x_wconf 88' lang='lat' dir='ltr'>quorum</span> <span class='ocrx_word' id='word_1_43' title='bbox 645 1047 749 1092; x_wconf 91' lang='lat' dir='ltr'>vulgo</span> <span class='ocrx_word' id='word_1_44' title='bbox 774 1059 854 1080; x_wconf 88' lang='lat' dir='ltr'>usus</span> <span class='ocrx_word' id='word_1_45' title='bbox 881 1046 924 1080; x_wconf 87' lang='lat' dir='ltr'>ad</span> <span class='ocrx_word' id='word_1_46' title='bbox 952 1045 1142 1081; x_wconf 86' lang='lat' dir='ltr'>arcendum</span> 
     </span>
     <span class='ocr_line' id='line_1_12' title="bbox 471 1099 1144 1146; baseline -0.003 -12"><span class='ocrx_word' id='word_1_47' title='bbox 471 1100 578 1146; x_wconf 86' lang='lat' dir='ltr'>frigus</span> <span class='ocrx_word' id='word_1_48' title='bbox 603 1113 621 1133; x_wconf 90' lang='lat' dir='ltr'>a</span> <span class='ocrx_word' id='word_1_49' title='bbox 648 1100 740 1133; x_wconf 84' lang='lat' dir='ltr'>collo</span> <span class='ocrx_word' id='word_1_50' title='bbox 767 1109 802 1133; x_wconf 87' lang='lat' dir='ltr'>et</span> <span class='ocrx_word' id='word_1_51' title='bbox 822 1099 1007 1141; x_wconf 86' lang='lat' dir='ltr'>faucibus;</span> <span class='ocrx_word' id='word_1_52' title='bbox 1032 1099 1144 1145; x_wconf 84' lang='lat' dir='ltr'>poetis</span> 
     </span>
     <span class='ocr_line' id='line_1_13' title="bbox 471 1153 1143 1193; baseline -0.001 -7"><span class='ocrx_word' id='word_1_53' title='bbox 471 1153 574 1187; x_wconf 85' lang='lat' dir='ltr'>etiam</span> <span class='ocrx_word' id='word_1_54' title='bbox 592 1153 786 1187; x_wconf 85' lang='lat' dir='ltr'>recitaturis</span> <span class='ocrx_word' id='word_1_55' title='bbox 799 1179 809 1193; x_wconf 91' lang='lat'>,</span> <span class='ocrx_word' id='word_1_56' title='bbox 827 1165 871 1186; x_wconf 88' lang='lat' dir='ltr'>ne</span> <span class='ocrx_word' id='word_1_57' title='bbox 890 1161 1143 1186; x_wconf 84' lang='lat' dir='ltr'>raucescerent.</span> 
     </span>
     <span class='ocr_line' id='line_1_14' title="bbox 470 1205 1144 1250; baseline -0.001 -11"><span class='ocrx_word' id='word_1_58' title='bbox 470 1206 648 1239; x_wconf 90' lang='lat' dir='ltr'>Mutatum</span> <span class='ocrx_word' id='word_1_59' title='bbox 659 1214 773 1239; x_wconf 87' lang='lat' dir='ltr'>autem</span> <span class='ocrx_word' id='word_1_60' title='bbox 789 1219 831 1238; x_wconf 82' lang='lat' dir='ltr'>au</span> <span class='ocrx_word' id='word_1_61' title='bbox 845 1205 881 1238; x_wconf 91' lang='lat' dir='ltr'>in</span> <span class='ocrx_word' id='word_1_62' title='bbox 895 1219 914 1238; x_wconf 92' lang='lat' dir='ltr'>o</span> <span class='ocrx_word' id='word_1_63' title='bbox 924 1218 968 1238; x_wconf 90' lang='lat' dir='ltr'>ne</span> <span class='ocrx_word' id='word_1_64' title='bbox 983 1214 1122 1250; x_wconf 86' lang='lat' dir='ltr'>stupeas</span> <span class='ocrx_word' id='word_1_65' title='bbox 1135 1231 1144 1246; x_wconf 92' lang='lat'>‚</span> 
     </span>
     <span class='ocr_line' id='line_1_15' title="bbox 471 1258 1146 1305; baseline -0.001 -13"><span class='ocrx_word' id='word_1_66' title='bbox 471 1271 540 1292; x_wconf 89' lang='lat' dir='ltr'>neu</span> <span class='ocrx_word' id='word_1_67' title='bbox 557 1260 603 1292; x_wconf 93' lang='lat' dir='ltr'>ob</span> <span class='ocrx_word' id='word_1_68' title='bbox 618 1258 654 1292; x_wconf 86' lang='lat' dir='ltr'>id</span> <span class='ocrx_word' id='word_1_69' title='bbox 667 1271 769 1305; x_wconf 81' lang='lat' dir='ltr'><strong>neges</strong></span> <span class='ocrx_word' id='word_1_70' title='bbox 785 1259 989 1302; x_wconf 83' lang='lat' dir='ltr'>essesocalia</span> <span class='ocrx_word' id='word_1_71' title='bbox 1004 1271 1022 1292; x_wconf 81' lang='lat' dir='ltr'>a</span> <span class='ocrx_word' id='word_1_72' title='bbox 1039 1258 1146 1291; x_wconf 83' lang='lat' dir='ltr'>fauci-</span> 
     </span>
     <span class='ocr_line' id='line_1_16' title="bbox 471 1310 1145 1357; baseline -0.001 -12"><span class='ocrx_word' id='word_1_73' title='bbox 471 1312 549 1345; x_wconf 89' lang='lat' dir='ltr'>bus.</span> <span class='ocrx_word' id='word_1_74' title='bbox 566 1311 608 1345; x_wconf 89' lang='lat' dir='ltr'>Id</span> <span class='ocrx_word' id='word_1_75' title='bbox 624 1312 719 1345; x_wconf 90' lang='lat' dir='ltr'>enim</span> <span class='ocrx_word' id='word_1_76' title='bbox 734 1314 807 1357; x_wconf 83' lang='lat' dir='ltr'>jam</span> <span class='ocrx_word' id='word_1_77' title='bbox 824 1313 1007 1345; x_wconf 84' lang='lat' dir='ltr'>observare</span> <span class='ocrx_word' id='word_1_78' title='bbox 1027 1311 1093 1344; x_wconf 85' lang='lat' dir='ltr'>fuit</span> <span class='ocrx_word' id='word_1_79' title='bbox 1109 1310 1145 1344; x_wconf 89' lang='lat' dir='ltr'>in</span> 
     </span>
     <span class='ocr_line' id='line_1_17' title="bbox 474 1364 1148 1410; baseline -0.001 -12"><span class='ocrx_word' id='word_1_80' title='bbox 474 1365 619 1398; x_wconf 89' lang='lat' dir='ltr'>nomine</span> <span class='ocrx_word' id='word_1_81' title='bbox 629 1364 738 1410; x_wconf 84' lang='lat' dir='ltr'>Sergii</span> <span class='ocrx_word' id='word_1_82' title='bbox 752 1365 865 1398; x_wconf 81' lang='lat' dir='ltr'>Oratae</span> <span class='ocrx_word' id='word_1_83' title='bbox 879 1365 939 1410; x_wconf 90' lang='lat' dir='ltr'>qui</span> <span class='ocrx_word' id='word_1_84' title='bbox 956 1365 1003 1398; x_wconf 92' lang='lat' dir='ltr'>sic</span> <span class='ocrx_word' id='word_1_85' title='bbox 1019 1365 1062 1398; x_wconf 86' lang='lat' dir='ltr'>ab</span> <span class='ocrx_word' id='word_1_86' title='bbox 1076 1365 1148 1397; x_wconf 86' lang='lat' dir='ltr'>Au·</span> 
     </span>
     <span class='ocr_line' id='line_1_18' title="bbox 473 1417 1146 1464; baseline 0 -14"><span class='ocrx_word' id='word_1_87' title='bbox 473 1426 546 1451; x_wconf 87' lang='lat' dir='ltr'>rata</span> <span class='ocrx_word' id='word_1_88' title='bbox 566 1418 660 1464; x_wconf 85' lang='lat' dir='ltr'>pisce</span> <span class='ocrx_word' id='word_1_89' title='bbox 681 1418 871 1464; x_wconf 84' lang='lat' dir='ltr'>appellatus</span> <span class='ocrx_word' id='word_1_90' title='bbox 887 1426 948 1451; x_wconf 87' lang='lat' dir='ltr'>est.</span> <span class='ocrx_word' id='word_1_91' title='bbox 970 1417 1054 1451; x_wconf 86' lang='lat' dir='ltr'>Vid.</span> <span class='ocrx_word' id='word_1_92' title='bbox 1070 1429 1146 1462; x_wconf 90' lang='lat' dir='ltr'>sup.</span> 
     </span>
     <span class='ocr_line' id='line_1_19' title="bbox 475 1482 656 1516; baseline 0.006 -13"><span class='ocrx_word' id='word_1_93' title='bbox 475 1482 584 1516; x_wconf 81' lang='lat' dir='ltr'>epigr.</span> <span class='ocrx_word' id='word_1_94' title='bbox 603 1483 656 1504; x_wconf 81' lang='lat' dir='ltr'>xe.</span> 
     </span>
    </p>

    <p class='ocr_par' dir='ltr' id='par_1_7' title="bbox 475 1523 1150 1622">
     <span class='ocr_line' id='line_1_20' title="bbox 530 1523 1150 1564; baseline 0 -8"><span class='ocrx_word' id='word_1_95' title='bbox 530 1536 544 1556; x_wconf 86' lang='lat'>1</span> <span class='ocrx_word' id='word_1_96' title='bbox 554 1551 562 1557; x_wconf 92' lang='lat'>.</span> <span class='ocrx_word' id='word_1_97' title='bbox 577 1523 614 1556; x_wconf 78' lang='lat' dir='ltr'>Si</span> <span class='ocrx_word' id='word_1_98' title='bbox 628 1526 814 1557; x_wconf 77' lang='lat' dir='ltr'><em>recitaturus</em></span> <span class='ocrx_word' id='word_1_99' title='bbox 825 1551 833 1564; x_wconf 94' lang='lat'>,</span> <span class='ocrx_word' id='word_1_100' title='bbox 852 1532 917 1557; x_wconf 86' lang='lat' dir='ltr'>etc.</span> <span class='ocrx_word' id='word_1_101' title='bbox 934 1523 1029 1557; x_wconf 86' lang='lat' dir='ltr'>Dicit</span> <span class='ocrx_word' id='word_1_102' title='bbox 1043 1531 1150 1557; x_wconf 85' lang='lat' dir='ltr'>semet</span> 
     </span>
     <span class='ocr_line' id='line_1_21' title="bbox 475 1575 1150 1622; baseline -0.001 -13"><span class='ocrx_word' id='word_1_103' title='bbox 475 1575 548 1621; x_wconf 89' lang='lat' dir='ltr'>ipse</span> <span class='ocrx_word' id='word_1_104' title='bbox 573 1575 723 1610; x_wconf 86' lang='lat' dir='ltr'>irridens</span> <span class='ocrx_word' id='word_1_105' title='bbox 751 1585 866 1622; x_wconf 86' lang='lat' dir='ltr'>pocta.</span> <span class='ocrx_word' id='word_1_106' title='bbox 897 1576 932 1610; x_wconf 90' lang='lat' dir='ltr'>Si</span> <span class='ocrx_word' id='word_1_107' title='bbox 958 1577 1150 1610; x_wconf 83' lang='lat' dir='ltr'>recitavero</span> 
     </span>
    </p>
   </div>
   <div class='ocr_carea' id='block_1_7' title="bbox 1199 835 1884 1618">
    <p class='ocr_par' dir='ltr' id='par_1_8' title="bbox 1199 835 1884 1301">
     <span class='ocr_line' id='line_1_22' title="bbox 1199 835 1881 877; baseline 0 -8"><span class='ocrx_word' id='word_1_108' title='bbox 1199 836 1264 869; x_wconf 90' lang='lat' dir='ltr'>tibi</span> <span class='ocrx_word' id='word_1_109' title='bbox 1290 835 1448 869; x_wconf 86' lang='lat' dir='ltr'>libellum</span> <span class='ocrx_word' id='word_1_110' title='bbox 1477 835 1631 877; x_wconf 82' lang='lat' dir='ltr'>malum,</span> <span class='ocrx_word' id='word_1_111' title='bbox 1660 847 1814 876; x_wconf 87' lang='lat' dir='ltr'>moneo,</span> <span class='ocrx_word' id='word_1_112' title='bbox 1843 844 1881 869; x_wconf 84' lang='lat' dir='ltr'>ut</span> 
     </span>
     <span class='ocr_line' id='line_1_23' title="bbox 1200 884 1882 933; baseline -0.001 -12"><span class='ocrx_word' id='word_1_113' title='bbox 1200 888 1309 922; x_wconf 83' lang='lat' dir='ltr'>focale</span> <span class='ocrx_word' id='word_1_114' title='bbox 1327 884 1450 933; x_wconf 90' lang='lat' dir='ltr'>(quod</span> <span class='ocrx_word' id='word_1_115' title='bbox 1474 888 1605 933; x_wconf 86' lang='lat' dir='ltr'>alioqui</span> <span class='ocrx_word' id='word_1_116' title='bbox 1638 896 1750 933; x_wconf 81' lang='lat' dir='ltr'>poetae</span> <span class='ocrx_word' id='word_1_117' title='bbox 1780 886 1882 921; x_wconf 82' lang='lat' dir='ltr'>adhi-</span> 
     </span>
     <span class='ocr_line' id='line_1_24' title="bbox 1200 939 1882 982; baseline -0.003 -7"><span class='ocrx_word' id='word_1_118' title='bbox 1200 942 1287 975; x_wconf 88' lang='lat' dir='ltr'>bent</span> <span class='ocrx_word' id='word_1_119' title='bbox 1307 939 1351 973; x_wconf 85' lang='lat' dir='ltr'>ad</span> <span class='ocrx_word' id='word_1_120' title='bbox 1370 941 1483 975; x_wconf 87' lang='lat' dir='ltr'>fauces</span> <span class='ocrx_word' id='word_1_121' title='bbox 1503 949 1535 974; x_wconf 83' lang='lat' dir='ltr'>et</span> <span class='ocrx_word' id='word_1_122' title='bbox 1554 941 1689 974; x_wconf 88' lang='lat' dir='ltr'>collum</span> <span class='ocrx_word' id='word_1_123' title='bbox 1702 967 1712 982; x_wconf 89' lang='lat'><em>‚</em></span> <span class='ocrx_word' id='word_1_124' title='bbox 1733 953 1778 973; x_wconf 92' lang='lat' dir='ltr'>ne</span> <span class='ocrx_word' id='word_1_125' title='bbox 1799 952 1882 974; x_wconf 86' lang='lat' dir='ltr'>rau-</span> 
     </span>
     <span class='ocr_line' id='line_1_25' title="bbox 1201 988 1882 1037; baseline -0.003 -9"><span class='ocrx_word' id='word_1_126' title='bbox 1201 988 1371 1037; x_wconf 84' lang='lat' dir='ltr'>cescant),</span> <span class='ocrx_word' id='word_1_127' title='bbox 1384 1002 1423 1027; x_wconf 92' lang='lat' dir='ltr'>tu</span> <span class='ocrx_word' id='word_1_128' title='bbox 1433 994 1573 1027; x_wconf 82' lang='lat' dir='ltr'>auribus</span> <span class='ocrx_word' id='word_1_129' title='bbox 1588 992 1771 1027; x_wconf 83' lang='lat' dir='ltr'>admoveas</span> <span class='ocrx_word' id='word_1_130' title='bbox 1782 1017 1791 1029; x_wconf 91' lang='lat'><em>‚</em></span> <span class='ocrx_word' id='word_1_131' title='bbox 1808 1005 1882 1026; x_wconf 85' lang='lat' dir='ltr'>eas·</span> 
     </span>
     <span class='ocr_line' id='line_1_26' title="bbox 1202 1046 1881 1092; baseline -0.001 -13"><span class='ocrx_word' id='word_1_132' title='bbox 1202 1058 1270 1092; x_wconf 88' lang='lat' dir='ltr'>que</span> <span class='ocrx_word' id='word_1_133' title='bbox 1288 1047 1467 1088; x_wconf 83' lang='lat' dir='ltr'>obstruas,</span> <span class='ocrx_word' id='word_1_134' title='bbox 1482 1058 1527 1079; x_wconf 89' lang='lat' dir='ltr'>ne</span> <span class='ocrx_word' id='word_1_135' title='bbox 1544 1047 1632 1080; x_wconf 79' lang='lat' dir='ltr'>mala</span> <span class='ocrx_word' id='word_1_136' title='bbox 1647 1046 1801 1079; x_wconf 83' lang='lat' dir='ltr'>carmina</span> <span class='ocrx_word' id='word_1_137' title='bbox 1817 1057 1881 1078; x_wconf 87' lang='lat' dir='ltr'>au-</span> 
     </span>
     <span class='ocr_line' id='line_1_27' title="bbox 1202 1098 1881 1139; baseline -0.001 -6"><span class='ocrx_word' id='word_1_138' title='bbox 1202 1098 1287 1133; x_wconf 82' lang='lat' dir='ltr'><strong>dias.</strong></span> <span class='ocrx_word' id='word_1_139' title='bbox 1318 1098 1433 1132; x_wconf 84' lang='lat' dir='ltr'>Simili</span> <span class='ocrx_word' id='word_1_140' title='bbox 1457 1099 1530 1132; x_wconf 84' lang='lat' dir='ltr'>fere</span> <span class='ocrx_word' id='word_1_141' title='bbox 1553 1098 1733 1139; x_wconf 86' lang='lat' dir='ltr'>acumine,</span> <span class='ocrx_word' id='word_1_142' title='bbox 1757 1098 1793 1131; x_wconf 90' lang='lat' dir='ltr'>in</span> <span class='ocrx_word' id='word_1_143' title='bbox 1814 1098 1881 1132; x_wconf 84' lang='lat' dir='ltr'>lib.</span> 
     </span>
     <span class='ocr_line' id='line_1_28' title="bbox 1203 1150 1884 1197; baseline -0.001 -12"><span class='ocrx_word' id='word_1_144' title='bbox 1203 1153 1269 1193; x_wconf 89' lang='lat' dir='ltr'>IV,</span> <span class='ocrx_word' id='word_1_145' title='bbox 1287 1152 1396 1197; x_wconf 86' lang='lat' dir='ltr'>epigr.</span> <span class='ocrx_word' id='word_1_146' title='bbox 1418 1164 1478 1185; x_wconf 70' lang='lat' dir='ltr'>xm</span> <span class='ocrx_word' id='word_1_147' title='bbox 1497 1163 1505 1184; x_wconf 72' lang='grc' dir='ltr'>ε</span> <span class='ocrx_word' id='word_1_148' title='bbox 1525 1169 1538 1181; x_wconf 71' lang='grc' dir='ltr'>ιι</span> <span class='ocrx_word' id='word_1_149' title='bbox 1554 1150 1652 1193; x_wconf 85' lang='lat' dir='ltr'>Quid</span> <span class='ocrx_word' id='word_1_150' title='bbox 1673 1151 1884 1184; x_wconf 85' lang='lat' dir='ltr'>recitaturus</span> 
     </span>
     <span class='ocr_line' id='line_1_29' title="bbox 1204 1203 1884 1239; baseline -0.003 0"><span class='ocrx_word' id='word_1_151' title='bbox 1204 1204 1398 1239; x_wconf 81' lang='lat' dir='ltr'>circumdas</span> <span class='ocrx_word' id='word_1_152' title='bbox 1434 1204 1561 1237; x_wconf 83' lang='lat' dir='ltr'>vellera</span> <span class='ocrx_word' id='word_1_153' title='bbox 1596 1203 1714 1238; x_wconf 83' lang='lat' dir='ltr'>collo?</span> <span class='ocrx_word' id='word_1_154' title='bbox 1743 1204 1884 1237; x_wconf 86' lang='lat' dir='ltr'>Conve-</span> 
     </span>
     <span class='ocr_line' id='line_1_30' title="bbox 1205 1256 1878 1301; baseline -0.004 -10"><span class='ocrx_word' id='word_1_155' title='bbox 1205 1258 1313 1291; x_wconf 87' lang='lat' dir='ltr'>niunt</span> <span class='ocrx_word' id='word_1_156' title='bbox 1334 1257 1461 1291; x_wconf 89' lang='lat' dir='ltr'>nostris</span> <span class='ocrx_word' id='word_1_157' title='bbox 1483 1256 1625 1290; x_wconf 86' lang='lat' dir='ltr'>auribus</span> <span class='ocrx_word' id='word_1_158' title='bbox 1646 1256 1705 1288; x_wconf 84' lang='lat' dir='ltr'>illa</span> <span class='ocrx_word' id='word_1_159' title='bbox 1727 1256 1845 1301; x_wconf 86' lang='lat' dir='ltr'>magis.</span> <span class='ocrx_word' id='word_1_160' title='bbox 1864 1273 1878 1286; x_wconf 73' lang='grc' dir='ltr'>ι</span> 
     </span>
    </p>

    <p class='ocr_par' dir='ltr' id='par_1_9' title="bbox 1208 1309 1884 1618">
     <span class='ocr_line' id='line_1_31' title="bbox 1263 1309 1884 1355; baseline -0.005 -11"><span class='ocrx_word' id='word_1_161' title='bbox 1263 1324 1293 1344; x_wconf 80' lang='lat'>2.</span> <span class='ocrx_word' id='word_1_162' title='bbox 1317 1310 1463 1344; x_wconf 80' lang='lat' dir='ltr'>Asserat.</span> <span class='ocrx_word' id='word_1_163' title='bbox 1489 1310 1565 1343; x_wconf 91' lang='lat' dir='ltr'>Hoc</span> <span class='ocrx_word' id='word_1_164' title='bbox 1593 1317 1662 1351; x_wconf 88' lang='lat' dir='ltr'>est,</span> <span class='ocrx_word' id='word_1_165' title='bbox 1682 1321 1701 1342; x_wconf 87' lang='lat' dir='ltr'>a</span> <span class='ocrx_word' id='word_1_166' title='bbox 1725 1309 1884 1355; x_wconf 87' lang='lat' dir='ltr'>periculo</span> 
     </span>
     <span class='ocr_line' id='line_1_32' title="bbox 1208 1361 1883 1409; baseline -0.004 -12"><span class='ocrx_word' id='word_1_167' title='bbox 1208 1372 1367 1405; x_wconf 86' lang='lat' dir='ltr'>tueatur,</span> <span class='ocrx_word' id='word_1_168' title='bbox 1388 1371 1422 1396; x_wconf 88' lang='lat' dir='ltr'>et</span> <span class='ocrx_word' id='word_1_169' title='bbox 1440 1361 1609 1409; x_wconf 86' lang='lat' dir='ltr'>impediat</span> <span class='ocrx_word' id='word_1_170' title='bbox 1631 1362 1717 1408; x_wconf 87' lang='lat' dir='ltr'>quin</span> <span class='ocrx_word' id='word_1_171' title='bbox 1741 1377 1754 1389; x_wconf 87' lang='lat'>«</span> <span class='ocrx_word' id='word_1_172' title='bbox 1768 1362 1883 1408; x_wconf 87' lang='lat' dir='ltr'>impu-</span> 
     </span>
     <span class='ocr_line' id='line_1_33' title="bbox 1208 1415 1877 1460; baseline -0.003 -10"><span class='ocrx_word' id='word_1_173' title='bbox 1208 1429 1253 1450; x_wconf 90' lang='lat' dir='ltr'>ne</span> <span class='ocrx_word' id='word_1_174' title='bbox 1271 1416 1363 1450; x_wconf 87' lang='lat' dir='ltr'>diem</span> <span class='ocrx_word' id='word_1_175' title='bbox 1381 1424 1563 1450; x_wconf 78' lang='lat' dir='ltr'>consumat</span> <span class='ocrx_word' id='word_1_176' title='bbox 1582 1415 1697 1460; x_wconf 82' lang='lat' dir='ltr'>opella</span> <span class='ocrx_word' id='word_1_177' title='bbox 1714 1416 1877 1460; x_wconf 74' lang='lat' dir='ltr'>Ingens.»</span> 
     </span>
     <span class='ocr_line' id='line_1_34' title="bbox 1208 1463 1884 1512; baseline -0.003 -9"><span class='ocrx_word' id='word_1_178' title='bbox 1208 1463 1285 1512; x_wconf 84' lang='lat' dir='ltr'>(Sic</span> <span class='ocrx_word' id='word_1_179' title='bbox 1308 1469 1379 1503; x_wconf 87' lang='lat' dir='ltr'>fere</span> <span class='ocrx_word' id='word_1_180' title='bbox 1399 1469 1525 1502; x_wconf 85' lang='lat' dir='ltr'>Juven.</span> <span class='ocrx_word' id='word_1_181' title='bbox 1545 1477 1607 1502; x_wconf 85' lang='lat' dir='ltr'>sat.</span> <span class='ocrx_word' id='word_1_182' title='bbox 1629 1470 1664 1507; x_wconf 83' lang='grc' dir='ltr'>Ι,</span> <span class='ocrx_word' id='word_1_183' title='bbox 1681 1480 1730 1502; x_wconf 84' lang='lat' dir='ltr'>vs.</span> <span class='ocrx_word' id='word_1_184' title='bbox 1755 1473 1789 1509; x_wconf 73' lang='grc'>4.</span> <span class='ocrx_word' id='word_1_185' title='bbox 1805 1465 1818 1508; x_wconf 95' lang='grc'>)</span> <span class='ocrx_word' id='word_1_186' title='bbox 1832 1489 1884 1494; x_wconf 93' lang='grc'>-</span> 
     </span>
     <span class='ocr_line' id='line_1_35' title="bbox 1209 1520 1884 1562; baseline -0.003 -7"><span class='ocrx_word' id='word_1_187' title='bbox 1209 1523 1242 1556; x_wconf 90' lang='lat' dir='ltr'><em>F</em></span> <span class='ocrx_word' id='word_1_188' title='bbox 1242 1523 1336 1555; x_wconf 81' lang='lat' dir='ltr'>ocelle</span> <span class='ocrx_word' id='word_1_189' title='bbox 1354 1521 1433 1555; x_wconf 87' lang='lat' dir='ltr'>cod.</span> <span class='ocrx_word' id='word_1_190' title='bbox 1450 1522 1583 1555; x_wconf 89' lang='lat' dir='ltr'>Beverl.</span> <span class='ocrx_word' id='word_1_191' title='bbox 1599 1523 1709 1554; x_wconf 74' lang='lat' dir='ltr'>asseris</span> <span class='ocrx_word' id='word_1_192' title='bbox 1722 1520 1834 1562; x_wconf 84' lang='lat' dir='ltr'>idem3</span> <span class='ocrx_word' id='word_1_193' title='bbox 1850 1528 1884 1553; x_wconf 84' lang='lat' dir='ltr'>et</span> 
     </span>
     <span class='ocr_line' id='line_1_36' title="bbox 1212 1574 1731 1618; baseline -0.002 -11"><span class='ocrx_word' id='word_1_194' title='bbox 1212 1577 1272 1608; x_wconf 77' lang='lat' dir='ltr'>tuis</span> <span class='ocrx_word' id='word_1_195' title='bbox 1292 1575 1407 1618; x_wconf 75' lang='lat' dir='ltr'>affiret</span> <span class='ocrx_word' id='word_1_196' title='bbox 1428 1575 1577 1608; x_wconf 76' lang='lat' dir='ltr'>auriculis</span> <span class='ocrx_word' id='word_1_197' title='bbox 1595 1574 1731 1608; x_wconf 81' lang='lat' dir='ltr'>Thuan.</span> 
     </span>
    </p>
   </div>
   <div class='ocr_carea' id='block_1_8' title="bbox 1032 1709 1331 1768">
    <p class='ocr_par' dir='ltr' id='par_1_10' title="bbox 1032 1709 1331 1768">
     <span class='ocr_line' id='line_1_37' title="bbox 1032 1709 1331 1768; baseline -0.007 0"><span class='ocrx_word' id='word_1_198' title='bbox 1032 1709 1331 1768; x_wconf 89' lang='lat' dir='ltr'>CXLIII.</span> 
     </span>
    </p>
   </div>
   <div class='ocr_carea' id='block_1_9' title="bbox 915 1862 1436 1894">
    <p class='ocr_par' dir='ltr' id='par_1_11' title="bbox 915 1862 1436 1894">
     <span class='ocr_line' id='line_1_38' title="bbox 915 1862 1436 1894; baseline -0.004 -1"><span class='ocrx_word' id='word_1_199' title='bbox 915 1865 1121 1894; x_wconf 84' lang='lat' dir='ltr'>TUNICAE</span> <span class='ocrx_word' id='word_1_200' title='bbox 1161 1862 1436 1893; x_wconf 76' lang='lat' dir='ltr'><strong>PATAVINAE.</strong></span> 
     </span>
    </p>
   </div>
   <div class='ocr_carea' id='block_1_10' title="bbox 540 1986 1758 2120">
    <p class='ocr_par' dir='ltr' id='par_1_12' title="bbox 540 1986 1758 2120">
     <span class='ocr_line' id='line_1_39' title="bbox 540 1986 1758 2050; baseline -0.002 -15"><span class='ocrx_word' id='word_1_201' title='bbox 540 1992 767 2035; x_wconf 71' lang='lat' dir='ltr'><strong>VELLERA</strong></span> <span class='ocrx_word' id='word_1_202' title='bbox 797 2006 931 2050; x_wconf 89' lang='lat' dir='ltr'>quum</span> <span class='ocrx_word' id='word_1_203' title='bbox 962 1997 1136 2032; x_wconf 83' lang='lat' dir='ltr'>sumant</span> <span class='ocrx_word' id='word_1_204' title='bbox 1160 1989 1378 2032; x_wconf 78' lang='lat' dir='ltr'>Patavinae</span> <span class='ocrx_word' id='word_1_205' title='bbox 1408 1986 1545 2031; x_wconf 87' lang='lat' dir='ltr'>multa</span> <span class='ocrx_word' id='word_1_206' title='bbox 1574 1987 1758 2042; x_wconf 84' lang='lat' dir='ltr'>trilices,</span> 
     </span>
     <span class='ocr_line' id='line_1_40' title="bbox 612 2059 1556 2120; baseline -0.003 -16"><span class='ocrx_word' id='word_1_207' title='bbox 612 2062 671 2104; x_wconf 82' lang='lat' dir='ltr'>Et</span> <span class='ocrx_word' id='word_1_208' title='bbox 690 2061 873 2120; x_wconf 84' lang='lat' dir='ltr'>pingues</span> <span class='ocrx_word' id='word_1_209' title='bbox 896 2059 1066 2102; x_wconf 86' lang='lat' dir='ltr'>tunicas</span> <span class='ocrx_word' id='word_1_210' title='bbox 1088 2074 1205 2102; x_wconf 82' lang='lat' dir='ltr'>serra</span> <span class='ocrx_word' id='word_1_211' title='bbox 1230 2073 1376 2102; x_wconf 85' lang='lat' dir='ltr'>secare</span> <span class='ocrx_word' id='word_1_212' title='bbox 1401 2067 1556 2118; x_wconf 88' lang='lat' dir='ltr'>potest.</span> 
     </span>
    </p>
   </div>
   <div class='ocr_carea' id='block_1_11' title="bbox 542 2185 1550 2250">
    <p class='ocr_par' dir='ltr' id='par_1_13' title="bbox 542 2185 1550 2250">
     <span class='ocr_line' id='line_1_41' title="bbox 542 2185 1550 2250; baseline -0.002 -16"><span class='ocrx_word' id='word_1_213' title='bbox 542 2194 689 2240; x_wconf 73' lang='grc' dir='ltr'>Λῆνεσι</span> <span class='ocrx_word' id='word_1_214' title='bbox 708 2198 929 2235; x_wconf 79' lang='grc' dir='ltr'>πυκνοῦται</span> <span class='ocrx_word' id='word_1_215' title='bbox 950 2194 1112 2240; x_wconf 80' lang='grc' dir='ltr'>πολλοῖς</span> <span class='ocrx_word' id='word_1_216' title='bbox 1135 2185 1353 2233; x_wconf 51' lang='lat' dir='ltr'>Hom-agna</span> <span class='ocrx_word' id='word_1_217' title='bbox 1372 2189 1550 2250; x_wconf 80' lang='grc' dir='ltr'>τρίμιτα·</span> 
     </span>
    </p>
   </div>
   <div class='ocr_carea' id='block_1_12' title="bbox 613 2257 1530 2320">
    <p class='ocr_par' dir='ltr' id='par_1_14' title="bbox 613 2257 1530 2320">
     <span class='ocr_line' id='line_1_42' title="bbox 613 2257 1530 2320; baseline -0.004 -15"><span class='ocrx_word' id='word_1_218' title='bbox 613 2262 696 2305; x_wconf 86' lang='grc' dir='ltr'>Καί</span> <span class='ocrx_word' id='word_1_219' title='bbox 720 2279 762 2305; x_wconf 82' lang='grc' dir='ltr'>κε</span> <span class='ocrx_word' id='word_1_220' title='bbox 788 2262 897 2320; x_wconf 80' lang='grc' dir='ltr'>παχὺ</span> <span class='ocrx_word' id='word_1_221' title='bbox 925 2260 1049 2320; x_wconf 84' lang='grc' dir='ltr'>πρίων</span> <span class='ocrx_word' id='word_1_222' title='bbox 1073 2260 1183 2310; x_wconf 77' lang='grc' dir='ltr'>ἔσθος</span> <span class='ocrx_word' id='word_1_223' title='bbox 1203 2257 1248 2303; x_wconf 79' lang='grc' dir='ltr'>ἂν</span> <span class='ocrx_word' id='word_1_224' title='bbox 1269 2263 1369 2304; x_wconf 84' lang='grc' dir='ltr'>αὐτὸ</span> <span class='ocrx_word' id='word_1_225' title='bbox 1393 2260 1530 2320; x_wconf 79' lang='grc' dir='ltr'>τάμοι.</span> 
     </span>
    </p>
   </div>
   <div class='ocr_carea' id='block_1_13' title="bbox 470 2397 1147 2648">
    <p class='ocr_par' dir='ltr' id='par_1_15' title="bbox 470 2397 1147 2648">
     <span class='ocr_line' id='line_1_43' title="bbox 531 2397 1144 2433; baseline -0.007 0"><span class='ocrx_word' id='word_1_226' title='bbox 531 2413 545 2433; x_wconf 88' lang='lat'>1</span> <span class='ocrx_word' id='word_1_227' title='bbox 555 2427 562 2433; x_wconf 90' lang='lat'>.</span> <span class='ocrx_word' id='word_1_228' title='bbox 580 2398 773 2433; x_wconf 81' lang='lat' dir='ltr'>Consumunc</span> <span class='ocrx_word' id='word_1_229' title='bbox 785 2397 862 2432; x_wconf 89' lang='lat' dir='ltr'>cod.</span> <span class='ocrx_word' id='word_1_230' title='bbox 877 2398 1007 2431; x_wconf 85' lang='lat' dir='ltr'>Beverl.</span> <span class='ocrx_word' id='word_1_231' title='bbox 1019 2418 1070 2424; x_wconf 89' lang='lat'><em>-</em></span> <span class='ocrx_word' id='word_1_232' title='bbox 1080 2397 1144 2430; x_wconf 83' lang='lat' dir='ltr'>Pa-</span> 
     </span>
     <span class='ocr_line' id='line_1_44' title="bbox 474 2450 1146 2498; baseline -0.003 -13"><span class='ocrx_word' id='word_1_233' title='bbox 474 2455 598 2487; x_wconf 82' lang='lat' dir='ltr'>tavinae.</span> <span class='ocrx_word' id='word_1_234' title='bbox 614 2452 666 2485; x_wconf 81' lang='lat' dir='ltr'>Ex</span> <span class='ocrx_word' id='word_1_235' title='bbox 681 2452 809 2498; x_wconf 89' lang='lat' dir='ltr'>triplici</span> <span class='ocrx_word' id='word_1_236' title='bbox 825 2463 952 2496; x_wconf 88' lang='lat' dir='ltr'>nempe</span> <span class='ocrx_word' id='word_1_237' title='bbox 969 2450 1051 2484; x_wconf 90' lang='lat' dir='ltr'>licio</span> <span class='ocrx_word' id='word_1_238' title='bbox 1067 2462 1146 2484; x_wconf 89' lang='lat' dir='ltr'>cou-</span> 
     </span>
     <span class='ocr_line' id='line_1_45' title="bbox 472 2503 1146 2545; baseline -0.006 -5"><span class='ocrx_word' id='word_1_239' title='bbox 472 2513 574 2540; x_wconf 84' lang='lat' dir='ltr'>textae</span> <span class='ocrx_word' id='word_1_240' title='bbox 603 2505 729 2539; x_wconf 85' lang='lat' dir='ltr'>tunicae</span> <span class='ocrx_word' id='word_1_241' title='bbox 754 2513 823 2539; x_wconf 87' lang='lat' dir='ltr'>tam</span> <span class='ocrx_word' id='word_1_242' title='bbox 849 2503 988 2545; x_wconf 77' lang='lat' dir='ltr'>densae,</span> <span class='ocrx_word' id='word_1_243' title='bbox 1010 2512 1050 2537; x_wconf 88' lang='lat' dir='ltr'>ut</span> <span class='ocrx_word' id='word_1_244' title='bbox 1074 2515 1146 2536; x_wconf 89' lang='lat' dir='ltr'>non</span> 
     </span>
     <span class='ocr_line' id='line_1_46' title="bbox 472 2557 1146 2600; baseline -0.004 -8"><span class='ocrx_word' id='word_1_245' title='bbox 472 2558 592 2592; x_wconf 85' lang='lat' dir='ltr'>forfice</span> <span class='ocrx_word' id='word_1_246' title='bbox 603 2585 613 2600; x_wconf 90' lang='lat'>‚</span> <span class='ocrx_word' id='word_1_247' title='bbox 630 2558 692 2592; x_wconf 86' lang='lat' dir='ltr'>sed</span> <span class='ocrx_word' id='word_1_248' title='bbox 709 2570 805 2592; x_wconf 83' lang='lat' dir='ltr'>serra</span> <span class='ocrx_word' id='word_1_249' title='bbox 823 2557 932 2591; x_wconf 87' lang='lat' dir='ltr'>veluti</span> <span class='ocrx_word' id='word_1_250' title='bbox 951 2569 1077 2590; x_wconf 81' lang='lat' dir='ltr'>asseres</span> <span class='ocrx_word' id='word_1_251' title='bbox 1095 2569 1146 2590; x_wconf 86' lang='lat' dir='ltr'>se-</span> 
     </span>
     <span class='ocr_line' id='line_1_47' title="bbox 470 2611 1147 2648; baseline -0.004 -3"><span class='ocrx_word' id='word_1_252' title='bbox 470 2620 644 2646; x_wconf 83' lang='lat' dir='ltr'>carentur.</span> <span class='ocrx_word' id='word_1_253' title='bbox 667 2611 742 2645; x_wconf 85' lang='lat' dir='ltr'>Hoc</span> <span class='ocrx_word' id='word_1_254' title='bbox 771 2619 887 2645; x_wconf 85' lang='lat' dir='ltr'>autem</span> <span class='ocrx_word' id='word_1_255' title='bbox 910 2614 1082 2648; x_wconf 77' lang='grc' dir='ltr'>ποιητικῶς</span> <span class='ocrx_word' id='word_1_256' title='bbox 1114 2618 1147 2643; x_wconf 89' lang='lat' dir='ltr'>et</span> 
     </span>
    </p>
   </div>
   <div class='ocr_carea' id='block_1_14' title="bbox 1204 2395 1883 2549">
    <p class='ocr_par' dir='ltr' id='par_1_16' title="bbox 1204 2395 1883 2549">
     <span class='ocr_line' id='line_1_48' title="bbox 1204 2395 1883 2443; baseline 0 -13"><span class='ocrx_word' id='word_1_257' title='bbox 1204 2395 1420 2442; x_wconf 63' lang='grc' dir='ltr'>ὑπερῧολικῶς</span> <span class='ocrx_word' id='word_1_258' title='bbox 1459 2395 1591 2431; x_wconf 83' lang='lat' dir='ltr'>dictum</span> <span class='ocrx_word' id='word_1_259' title='bbox 1628 2404 1736 2443; x_wconf 86' lang='lat' dir='ltr'>patet.</span> <span class='ocrx_word' id='word_1_260' title='bbox 1772 2398 1883 2432; x_wconf 80' lang='lat' dir='ltr'>Caete-</span> 
     </span>
     <span class='ocr_line' id='line_1_49' title="bbox 1205 2450 1882 2495; baseline 0 -12"><span class='ocrx_word' id='word_1_261' title='bbox 1205 2462 1285 2484; x_wconf 88' lang='lat' dir='ltr'>rum</span> <span class='ocrx_word' id='word_1_262' title='bbox 1318 2450 1372 2484; x_wconf 82' lang='lat' dir='ltr'>hae</span> <span class='ocrx_word' id='word_1_263' title='bbox 1404 2450 1531 2483; x_wconf 86' lang='lat' dir='ltr'>tunicae</span> <span class='ocrx_word' id='word_1_264' title='bbox 1562 2450 1692 2484; x_wconf 88' lang='lat' dir='ltr'>trilices</span> <span class='ocrx_word' id='word_1_265' title='bbox 1719 2450 1882 2495; x_wconf 68' lang='grc' dir='ltr'>πολὺμιτοί</span> 
     </span>
     <span class='ocr_line' id='line_1_50' title="bbox 1206 2502 1881 2549; baseline 0 -13"><span class='ocrx_word' id='word_1_266' title='bbox 1206 2502 1300 2549; x_wconf 86' lang='lat' dir='ltr'>apud</span> <span class='ocrx_word' id='word_1_267' title='bbox 1341 2503 1481 2537; x_wconf 87' lang='lat' dir='ltr'>Graecos</span> <span class='ocrx_word' id='word_1_268' title='bbox 1516 2503 1814 2544; x_wconf 85' lang='lat' dir='ltr'>nominabantur,</span> <span class='ocrx_word' id='word_1_269' title='bbox 1847 2511 1881 2536; x_wconf 84' lang='lat' dir='ltr'>et</span> 
     </span>
    </p>
   </div>
   <div class='ocr_carea' id='block_1_15' title="bbox 1205 2555 1880 2643">
    <p class='ocr_par' dir='ltr' id='par_1_17' title="bbox 1205 2555 1880 2643">
     <span class='ocr_line' id='line_1_51' title="bbox 1207 2555 1880 2603; baseline 0 -15"><span class='ocrx_word' id='word_1_270' title='bbox 1207 2555 1426 2590; x_wconf 81' lang='lat' dir='ltr'>Alexandriae</span> <span class='ocrx_word' id='word_1_271' title='bbox 1461 2557 1495 2589; x_wconf 89' lang='lat' dir='ltr'>in</span> <span class='ocrx_word' id='word_1_272' title='bbox 1537 2559 1687 2603; x_wconf 75' lang='lat' dir='ltr'>[Egypto</span> <span class='ocrx_word' id='word_1_273' title='bbox 1725 2555 1880 2602; x_wconf 88' lang='lat' dir='ltr'>primum</span> 
     </span>
     <span class='ocr_line' id='line_1_52' title="bbox 1205 2618 1491 2643; baseline -0.003 0"><span class='ocrx_word' id='word_1_274' title='bbox 1205 2618 1378 2643; x_wconf 73' lang='lat' dir='ltr'>contextae</span> <span class='ocrx_word' id='word_1_275' title='bbox 1400 2618 1491 2642; x_wconf 90' lang='lat' dir='ltr'>sunt.</span> 
     </span>
    </p>
   </div>
  </div>
 </body>
</html>
