1901 3259
326 249 910 296 EPIGRAMMATUM
950 251 1076 294 LIB.
1116 250 1270 294 XIII.

1407 267 1499 312 129

655 402 926 458 LXVII.

453 556 735 587 PALUMBUS
775 538 1136 594 TORQUATUsf

160 686 369 728 INGUlNA
398 683 589 743 torquati
619 682 793 727 tardant
821 683 1114 744 hebetantque
1145 683 1358 745 palumbi:

232 754 335 798 Non
365 753 465 797 edat
491 753 606 797 hanc
634 752 858 798 volucrem
874 789 884 809 ‚
905 755 978 814 qui
1007 755 1128 815 cupit
1153 771 1246 799 esse
1274 754 1404 799 salax.

160 896 319 937 Φᾶσσαι
342 890 641 954 ἐπαμὲλόνουσι
665 901 782 955 γονῆς
809 895 922 948 μένος
948 889 1213 955 ὁρμοδέραιοι·

227 967 298 1013 Μὴ
322 966 474 1012 πτηνὸν
497 958 588 1007 τόδ’
612 959 748 1019 ἕδοιθ’,
773 968 814 1015 ὅς
838 983 882 1025 γε
908 964 1089 1024 φίλοιφος
1113 967 1199 1024 ἔφυ.

145 1104 160 1117 '¹
172 1104 322 1138 Palumbi
339 1106 477 1149 torquati
496 1103 655 1137 inscribit
667 1103 765 1136 Barb.

94 1157 451 1192 editor.-—Palumbus
462 1165 635 1203 torquatus.
651 1156 707 1190 Sic
717 1155 769 1189 di-

93 1219 167 1246 ctus
183 1224 202 1244 a
217 1211 348 1245 circulo
367 1223 427 1244 seu
447 1218 575 1256 torque
593 1210 684 1244 circa
701 1210 771 1243 col-

94 1265 178 1298 lum.
190 1265 350 1310 Propert.
365 1264 432 1306 IV,
443 1276 478 1305 v,
489 1263 553 1305 63,
564 1263 632 1297 ait:
649 1280 662 1292 κ
675 1263 769 1308 Cape

97 1325 267 1363 torquatae
281 1325 421 1362 guttura
442 1325 533 1350 secta
554 1317 735 1350 columbae.
752 1333 764 1345 υ

96 1370 177 1404 Avis
196 1378 286 1404 casta
310 1382 351 1404 ex
375 1370 532 1404 moribus
553 1369 769 1415 appellatur,

829 1103 925 1149 quod
951 1116 1067 1137 comes
1094 1104 1138 1137 sit
1169 1105 1345 1138 castitatis.
1370 1106 1506 1140 Dicitur

829 1157 924 1190 enim
958 1157 1082 1190 amisso
1116 1158 1293 1203 corporali
1327 1159 1504 1192 consortio

830 1210 983 1243 solitaria
1001 1219 1213 1255 perpetuum
1233 1210 1418 1251 incedere,
1442 1225 1508 1245 nec

829 1264 1004 1296 carnalem
1028 1263 1191 1309 copulam
1207 1265 1300 1298 ultra
1316 1265 1506 1310 requirere.

886 1328 915 1348 1.
948 1316 1097 1360 Inguina.
1131 1316 1259 1351 Sensus
1290 1318 1439 1351 acriores
1468 1318 1504 1350 in

831 1369 1006 1402 Venerem
1017 1394 1027 1410 ‚
1048 1370 1270 1404 salacitatem.

644 1505 966 1562 LXVIII.

647 1642 963 1690 GALRULA.*

165 1767 396 1810 GALBULA
425 1764 638 1825 decipitur
668 1763 842 1806 calamis
869 1772 910 1806 et
940 1763 1101 1806 retibus
1132 1763 1241 1817 ales,

235 1838 400 1896 Turget
431 1834 575 1878 adhuc
607 1833 733 1876 viridi
763 1850 898 1894 quum
925 1833 1042 1877 rudis
1072 1850 1156 1877 uva
1185 1851 1317 1878 mero.

166 1954 356 2014 Τοῦρνεον
377 1952 400 2000 ἢ
421 1952 658 2011 καλοίμοισιν
681 1950 889 1994 ἁλίσκεται
904 1985 912 2000 ,
936 1952 978 1998 ἠὲ
997 1951 1140 1994 λίνοιο-ι

235 2023 418 2083 Χλωρὶς,
440 2024 498 2066 ἔτ’
519 2025 716 2083 ὀργῶντας
740 2022 908 2082 βότρυος
930 2022 1143 2081 ὀμφακίου.

149 2143 166 2159 *
190 2144 341 2179 Galbuloe
359 2144 466 2178 habet
487 2143 542 2178 ed.
561 2143 660 2176 Barb.

155 2210 185 2231 1.
213 2197 355 2232 Galbina
375 2196 454 2231 cod.
478 2194 684 2230 Beverland.
707 2196 772 2228 Ba-

98 2252 201 2298 ptista
229 2251 311 2284 Pius
335 2250 455 2284 asserit
476 2249 663 2284 lectionem
689 2248 773 2282 Gal-

99 2305 173 2338 bula
189 2317 265 2350 quae
282 2304 413 2348 ἰκτερός·
433 2304 565 2336 Annot.
586 2302 679 2335 Post.
696 2313 772 2347 cap.

102 2370 159 2402 29.
181 2379 232 2384 —
257 2357 411 2391 Galbula.
435 2356 595 2389 Galbulae
619 2367 679 2388 seu
703 2355 773 2399 gal-

98 2411 170 2444 beae
185 2418 287 2456 atque
301 2409 403 2443 etiam
419 2409 583 2450 balbulae‚
600 2419 678 2442 aves
693 2416 774 2441 sunt

98 2462 222 2496 viridis
248 2471 308 2496 aut
335 2462 421 2495 lutei
448 2462 574 2495 coloris
606 2472 612 2493 :
641 2460 772 2494 Graecis

97 2513 250 2561 χλωρίδες
269 2514 453 2548 dicuntur.
472 2514 551 2548 Alio
571 2523 687 2548 tamen
709 2526 773 2546 no-

99 2569 193 2602 mine
214 2577 314 2602 vocat
330 2567 464 2601 Plinius
477 2567 538 2600 lib.
556 2567 659 2599 XXX
672 2593 680 2609 ‚
697 2578 771 2612 cap.

106 2634 118 2654 1
133 2634 145 2654 1
166 2634 174 2654 :
197 2639 210 2651 ιι
229 2621 312 2653 Avis
331 2620 460 2654 icterus
478 2627 627 2653 vocatur
644 2632 661 2652 a
679 2619 773 2652 colo-

101 2686 155 2715 re,
176 2691 188 2703 u
211 2673 301 2707 flavo
323 2673 396 2707 scil.
422 2685 521 2717 «quae
534 2672 561 2706 si
578 2680 773 2717 spectetur,

171 2748 260 2790 III.

833 2143 944 2176 sanari
963 2141 1001 2175 id
1023 2141 1153 2174 malum
1173 2141 1338 2181 tradunt,
1360 2151 1391 2176 et
1412 2156 1509 2178 avem

833 2195 933 2228 mori.
954 2195 1053 2228 Hanc
1068 2203 1155 2240 puto
1171 2195 1277 2229 latine
1293 2197 1412 2229 vocari
1429 2198 1509 2231 Gal-

833 2249 966 2294 gulum.
991 2266 1004 2277 »
1023 2248 1092 2281 Alii
1113 2256 1231 2282 tamen
1257 2250 1432 2283 affirmant
1454 2264 1506 2285 sa-

832 2301 908 2334 nari
923 2313 982 2334 eos
995 2301 1056 2347 qui
1075 2301 1168 2335 illam
1181 2302 1373 2336 comedunt
1391 2316 1488 2336 avem
1499 2330 1507 2344 ‚

832 2367 905 2387 non
924 2354 983 2399 qui
1002 2353 1135 2388 vident.
1152 2376 1204 2382 —-
1219 2355 1372 2389 Calamis.
1387 2356 1507 2389 Visce-

833 2408 876 2440 tis
898 2407 1077 2440 nimirum.

889 2473 921 2494 2.
951 2460 1060 2493 Vir-ida·
1080 2474 1174 2494 mero.
1199 2461 1274 2494 Hoc
1302 2470 1368 2499 est,
1397 2473 1505 2506 quum

832 2526 907 2546 uvae
937 2521 1020 2546 sunt
1045 2513 1159 2546 adhuc
1186 2514 1377 2547 immaturae
1403 2522 1507 2559 atque

833 2566 920 2599 acidi
939 2566 1055 2611 potius
1077 2566 1223 2612 liquoris
1242 2579 1345 2611 quam
1366 2567 1452 2600 lenis
1471 2575 1505 2600 et

833 2618 945 2652 suavis
962 2619 1083 2662 plenae.
1098 2618 1203 2660 Quod
1221 2632 1286 2653 nos
1306 2619 1427 2665 gallice
1448 2633 1508 2653 vo-

833 2684 952 2704 camus
967 2684 1081 2712 ‘Uersu-5.

1274 2759 1303 2803 9
