2044 3292
529 218 617 263 128

893 218 954 260 M.
981 218 1124 260 VAL.
1166 217 1560 261 MARTIALIS

1132 321 1326 426 LXV.

1122 526 1335 554 PERDlx.

594 654 805 697 PoNi‘rUR
836 651 1038 695 Ausoniis
1064 651 1156 694 avis
1185 650 1278 694 haec
1301 651 1521 694 rarissima
1546 652 1728 707 mensis;

662 725 787 766 Hanc
818 723 862 765 in
889 720 1109 765 lautorum
1132 721 1340 765 mandere
1366 738 1478 782 saepe
1505 720 1626 766 soles.

582 874 612 894 1.
634 861 791 899 Ponitur,
813 868 879 893 etc.
903 858 1035 894 Perdix
1055 860 1147 893 lauta
1171 867 1205 894 et

526 914 653 947 nobilis
676 913 762 955 ales,
785 913 972 959 magnique
993 913 1117 958 pretii,
1133 907 1204 959 'po-

525 967 673 1001 tentium
698 967 827 1001 mensis
851 967 1074 1012 ponebatur,
1103 974 1143 1000 ut
1171 975 1205 1000 et

527 1020 632 1055 hodie
653 1020 757 1054 etiam
778 1020 935 1066 ponitur.

583 1087 615 1109 2.
645 1074 804 1108 Mandare
837 1073 917 1107 Ald.
952 1073 1051 1107 Junt.
1087 1072 1202 1107 Colin.

527 1128 635 1162 Nobis
653 1128 893 1173 suffragantur
909 1127 1016 1160 Palat.
1040 1125 1150 1160 codex
1172 1134 1207 1160 et

526 1179 607 1215 edd.
637 1181 710 1214 fere
732 1192 868 1215 omnes.
897 1180 987 1221 Alii,
1008 1189 1042 1214 et
1075 1192 1116 1213 ex
1151 1180 1206 1213 his

524 1235 726 1280 praecipuus
753 1233 885 1268 Barhou
911 1232 1024 1267 edidit
1049 1233 1205 1266 mandere.

1265 860 1363 892 Hanc
1397 863 1428 892 in
1458 863 1583 905 piscina
1614 861 1718 894 ludere
1750 874 1831 907 soepe
1863 863 1942 895 soles

1264 913 1386 958 legunt
1405 912 1549 959 quidam
1565 939 1574 955 ‚
1593 922 1627 947 et
1645 913 1807 948 alludunt
1827 913 1871 948 ad
1889 915 1943 948 lu-

1264 965 1351 1000 dum
1383 967 1420 999 in
1451 967 1585 1013 piscina
1600 994 1609 1006 ‚
1643 968 1704 1014 qui
1743 965 1859 1013 πέρδιξ
1883 980 1945 1002 seu

1266 1017 1477 1065 περὸικισμὸς
1497 1019 1626 1054 dictus.
1642 1043 1693 1047 -—
1710 1021 1806 1054 Hanc
1825 1022 1857 1054 in
1879 1021 1946 1054 lau-

1267 1081 1379 1107 torum.
1395 1074 1569 1108 Divitum.
1592 1074 1681 1108 Nam
1703 1074 1750 1108 50
1769 1072 1945 1108 drachmis

1265 1127 1403 1160 unicam
1424 1128 1466 1161 ab
1488 1127 1668 1174 Aristippo
1689 1135 1844 1173 emptam
1864 1127 1947 1172 legi-

1266 1193 1354 1213 mus.
1376 1180 1472 1213 Infra
1490 1180 1618 1215 Noster
1632 1193 1687 1227 ep.
1706 1183 1774 1226 76:
1792 1197 1807 1211 «
1822 1181 1946 1214 Carior

1267 1241 1319 1267 est
1347 1233 1493 1279 perdix;
1515 1233 1564 1267 sic
1583 1234 1672 1280 sapit
1691 1234 1750 1268 illa
1772 1233 1889 1279 magis.
1906 1250 1920 1263 r·

1131 1367 1362 1424 LXVL

1057 1507 1417 1556 COLUMBINI.*

598 1658 670 1701 NE
696 1654 830 1698 violes
855 1664 1027 1697 teneras
1053 1653 1232 1713 perjuro
1255 1653 1385 1697 dente
1411 1652 1665 1704 columbas„

670 1725 849 1770 Tradita
875 1725 910 1768 si
933 1723 1100 1769 Cnidiae
1124 1733 1224 1768 sunt
1250 1723 1328 1768 tibi
1355 1740 1476 1768 sacra
1503 1725 1619 1768 Deae.

603 1861 823 1926 Ᾱὲληχρὰς
850 1865 1030 1925 ἐπίορκος
1056 1858 1160 1914 ὀδὰξ
1182 1866 1236 1924 μὴ
1264 1863 1423 1918 βλάπτε
1448 1863 1625 1915 πελειὰς,

673 1937 796 1996 Εἴπερ
823 1937 1056 1985 ἐποπτεύεις
1083 1933 1147 1994 ἱρὰ
1173 1935 1261 1985 θεᾶς
1287 1930 1470 1985 Κνιδίης.

590 2073 602 2087 “
618 2076 810 2111 Columbini.
822 2075 899 2107 Hoc
911 2082 963 2107 est
975 2073 1064 2119 pulli
1079 2073 1213 2106 colum-

536 2133 662 2165 barum
674 2156 683 2171 ‚
700 2129 760 2175 qui
779 2127 926 2174 proprio
945 2127 1053 2172 magis
1071 2127 1215 2159 nomine

536 2185 713 2231 pixiones,
731 2192 842 2227 graece
857 2176 1090 2224 περιστεριὸεἷς
1108 2173 1216 2222 (arce-

538 2239 668 2283 ριστέρσ.
681 2261 691 2275 ,
719 2231 899 2274 columba),
932 2233 1052 2278 gallice
1083 2235 1215 2277 pigean-

540 2304 652 2324 nemim.

599 2357 629 2377 1.
656 2341 812 2376 Praedwv
843 2339 1034 2384 antiquitus
1065 2347 1139 2371 erat
1169 2338 1216 2371 le-

541 2406 646 2431 ctum.
666 2397 747 2429 Rec.
768 2392 846 2427 edd.
867 2401 906 2426 ut
927 2405 1005 2426 nos.
1020 2413 1070 2417 —
1084 2392 1218 2435 Pet-juro

542 2452 632 2483 dente
650 2448 817 2482 columbas.
837 2447 947 2479 Docet
962 2445 1057 2479 enim
1072 2457 1218 2489 sequens

542 2516 660 2538 versus
680 2500 904 2536 interdictum
926 2499 1030 2532 fuisse
1048 2498 1220 2531 columbi-

541 2569 670 2591 norum
697 2567 791 2589 esum
814 2552 940 2598 Mystis
959 2551 1129 2592 Veneris,
1159 2551 1223 2596 qui

543 2610 671 2644 initiati
690 2617 788 2642 erant
805 2607 906 2641 sacris
926 2606 1007 2639 Deae
1025 2605 1116 2638 Ven.
1139 2604 1223 2638 Cni-

1277 2072 1344 2106 diis
1360 2073 1520 2119 religiose
1534 2074 1636 2107 cultae
1647 2099 1656 2114 ,
1669 2081 1703 2106 et
1719 2074 1776 2107 cui
1793 2074 1952 2107 columba

1275 2139 1379 2160 sacra.
1400 2127 1491 2159 Hinc
1509 2125 1552 2160 de
1570 2129 1677 2160 AEnea
1697 2125 1830 2161 dictum
1849 2124 1950 2166 (AEn.

1275 2180 1411 2220 lih.V1,
1430 2177 1515 2223 193)
1532 2180 1709 2213 columbas
1728 2179 1953 2226 adspicienti:

1282 2251 1295 2262 «
1317 2233 1493 2266 Maternus
1514 2231 1695 2278 adgnoscit
1718 2246 1806 2266 aves.
1828 2250 1841 2261 a
1863 2232 1955 2266 Hinc

1279 2284 1382 2319 Ovid.
1400 2286 1637 2332 Metamorph.
1653 2286 1715 2319 lib.
1730 2286 1954 2320 X111:«Col-

1277 2339 1309 2372 la
1323 2339 1539 2383 Cytheriacae
1555 2337 1741 2385 splendent
1759 2339 1884 2384 agitata
1897 2351 1956 2372 co-

1277 2392 1418 2425 lumbae.
1434 2410 1446 2421 »
1474 2391 1626 2426 Cnidum
1651 2401 1785 2433 autem,
1808 2391 1957 2426 insulam

1278 2457 1350 2478 non
1371 2445 1474 2490 longe
1494 2459 1510 2478 a
1531 2447 1632 2480 Caria
1645 2472 1653 2486 ‚
1673 2445 1827 2480 maxime
1845 2445 1958 2478 coluit

1279 2499 1468 2531 Venerem.
1508 2519 1514 2525 -

1352 2566 1383 2584 2.
1427 2552 1509 2585 Tibi.
1546 2551 1722 2586 Sacerdoti
1760 2551 1889 2586 scilicet
1924 2558 1958 2583 ct

1287 2605 1411 2650 Mystae
1429 2605 1586 2639 Veneris.
