1901 3259
299 207 885 251 EPIGRAMMATUM
924 205 1048 249 LIB.
1090 203 1239 245 XIII.
1378 197 1467 244 153

680 357 851 414 CIX.

622 492 949 542 ALBANUM.*

128 643 226 685 Hoc
256 640 309 684 de
341 641 548 684 Caesareis
578 640 691 683 mitis
723 638 940 682 vindemia
972 635 1089 681 cellis

199 712 342 764 Misit,
373 709 495 754 Iuleo
522 727 616 770 quae
647 710 728 754 sibi
760 719 908 753 monte
940 707 1098 769 placet.

128 836 250 878 Τοῦτ’
276 833 356 877 ἀπὸ
382 835 615 892 Καισαρέων
645 832 857 879 ἀποθηκῶν
887 829 1020 891 πέμψε
1050 831 1234 891 πέπειρος

197 906 374 964 Βότρυς,
399 894 579 946 Ῐουλείων
601 904 875 964 ἐμφιλόχωρος
896 905 1010 962 ὁρῶν.

111 1022 456 1060 'Albanum.Plinius
471 1025 645 1067 1ib.XIV‚
659 1037 734 1070 cap.
797 1023 951 1057 diximus
970 1021 1015 1056 de
1034 1022 1103 1055 hoc
1123 1020 1201 1055 cod.
1221 1042 1272 1047 —
1294 1021 1343 1053 De
1367 1020 1477 1053 Caesa-

60 1082 80 1110 (ἱ
94 1079 267 1114 ;«Α1ὶ)3ηει
280 1079 378 1120 vina,
397 1078 478 1111 urbi
497 1078 632 1120 vicina,
646 1090 735 1123 prae·
797 1080 857 1109 reis
876 1077 974 1109 cellis.
998 1076 1074 1108 Hoc
1099 1083 1168 1116 est,
1201 1074 1247 1107 de
1273 1082 1392 1107 monte
1415 1073 1476 1105 Al·

60 1132 176 1167 dulcia
197 1145 236 1166 ac
259 1145 336 1166 rara
363 1132 400 1165 in
423 1139 573 1165 austero.
594 1148 606 1161 »ι
627 1132 736 1164 Juve-
796 1131 887 1164 bano
905 1155 915 1170 a
949 1129 985 1162 in
1014 1140 1118 1174 quem
1155 1126 1316 1161 secedere
1347 1126 1479 1160 solebat

60 1186 129 1219 nal.
144 1185 213 1219 Sat.
228 1197 316 1227 x111,
333 1199 351 1219 2
362 1198 376 1218 1
387 1189 420 1225 4.
439 1202 453 1215 ι
469 1184 595 1218 Albani
610 1185 738 1218 veteris
799 1184 912 1217 Caesar
934 1182 1156 1215 Domitianus
1167 1206 1177 1221 ‚
1200 1190 1238 1214 ut
1255 1182 1327 1226 jam
1351 1179 1478 1225 saepius

60 1239 213 1284 pretiosa
229 1246 388 1272 senectus
405 1256 418 1268 »
429 1264 437 1279 ,
453 1246 518 1272 etc.
799 1236 946 1270 dictum.
962 1235 1103 1268 Dicitur
1113 1235 1201 1268 Iulus
1212 1235 1254 1267 ab
1269 1234 1346 1267 Iulo
1361 1235 1478 1266 AEneae

118 1305 149 1325 1.
175 1292 280 1325 Mittis
310 1291 388 1326 cod.
421 1291 555 1325 Beverl.
586 1290 740 1324 Indubie
794 1290 889 1326 filio,
914 1289 1010 1322 Albae
1030 1287 1228 1322 conditore.

62 1345 145 1378 hinc
166 1345 325 1391 sequitur
350 1357 422 1378 esse
451 1357 530 1378 vera
554 1356 630 1390 quae
654 1344 739 1377 olim
851 1356 882 1376 2.
905 1343 1008 1376 Ialeto
1027 1341 1105 1375 cod.
1123 1342 1264 1374 Thuan.

704 1482 833 1538 CX.

542 1635 960 1663 SURRENTINUM.
983 1615 1000 1631 *

134 1745 437 1787 SURRENTINA
468 1741 610 1785 bibis?
632 1758 713 1786 nec
739 1741 963 1802 myrrhina
995 1742 1133 1801 picta,
1164 1757 1243 1783 nec
1276 1755 1430 1782 aurum

205 1814 337 1857 Sume
360 1829 368 1855 :
397 1812 564 1856 dabunt
592 1811 747 1857 calices
772 1812 865 1856 haec
891 1812 968 1855 tibi
997 1812 1097 1855 vina
1124 1827 1239 1855 suos.

137 1931 411 1989 Σουῤῥεντῒνον
433 1931 532 1989 ἔχων
558 1931 614 1989 μή
636 1947 703 1988 μοι
728 1931 979 1989 χρυσώματα
1004 1923 1126 1979 δίζευ·

205 2000 307 2050 Τοὺς
333 1994 456 2050 ἰδίους
479 2002 642 2051 κύλικας
667 1994 843 2043 δώσεται
869 1996 970 2049 οἶνος
999 1993 1083 2042 ὅδε.

119 2102 134 2115 *
155 2108 371 2141 Surrentinum
394 2109 528 2142 Plinius
556 2108 618 2142 lib.
640 2109 742 2150 XIV,
802 2108 883 2154 quia
906 2117 956 2142 est
978 2108 1111 2153 pingue
1135 2116 1168 2141 et
1190 2106 1363 2146 validum,
1381 2116 1482 2152 atque

66 2173 140 2207 cap.
163 2163 183 2193 6
198 2172 206 2194 ε
221 2178 234 2190 υ
250 2162 339 2194 Item
357 2161 561 2195 Surrentina
581 2162 616 2194 in
631 2161 743 2195 vineis
803 2162 1060 2195 inveterascens
1091 2161 1203 2194 solum
1229 2161 1301 2193 fere
1324 2169 1374 2193 est
1406 2159 1482 2192 ido-

67 2222 201 2248 tantum
217 2214 408 2256 nascentia,
422 2215 743 2248 convalescentibus
803 2227 909 2248 neum
932 2214 992 2247 illo
1016 2214 1185 2248 continue
1208 2214 1400 2247 utentibus.

67 2267 216 2300 maxime
237 2268 384 2313 probata
396 2293 404 2305 ‚
428 2276 573 2314 propter
595 2268 744 2301 tenuita-
863 2281 893 2301 1.
905 2268 973 2301 Nec
990 2268 1164 2313 myrrhina.
1182 2267 1310 2301 Pocula
1333 2266 1482 2299 Surren-

66 2328 138 2353 tem
154 2320 472 2367 salubritatemque.
486 2321 651 2355 Tiberius
668 2321 742 2354 Cae·
804 2322 892 2362 tina,
924 2321 1046 2354 fictilia
1076 2321 1148 2354 scil.
1162 2347 1171 2362 ‚
1190 2319 1317 2354 idonea
1337 2327 1417 2353 sunt
1439 2318 1483 2351 ad

68 2385 123 2406 sar
155 2372 295 2407 dicebat
321 2375 534 2408 consensisse
561 2373 715 2407 medicos
735 2401 743 2415 ,
804 2373 999 2407 bibendum
1010 2373 1485 2412 vinumSurrentinum3nec

70 2434 107 2459 ut
125 2426 342 2460 nobilitatem
365 2427 571 2461 Surrentino
591 2427 714 2461 darent
732 2441 741 2470 ;
805 2440 896 2473 opus
915 2437 965 2462 est
981 2428 1173 2473 myrrhinis
1192 2426 1234 2460 iis
1252 2439 1341 2471 quos
1360 2425 1483 2458 delica-

69 2479 227 2524 alioquin
253 2491 325 2513 esse
348 2492 558 2525 generosum
585 2490 742 2514 acetum:
804 2481 942 2514 tissimae
964 2481 1082 2526 figurae
1109 2488 1252 2520 ornent,
1278 2491 1342 2511 nec
1365 2478 1478 2511 aureis

70 2532 110 2565 C.
130 2532 264 2573 Caesar,
285 2533 345 2578 qui
365 2534 526 2567 successit
544 2534 616 2575 illi,
639 2534 740 2567 nobi·
802 2534 966 2568 calicibus
979 2559 988 2575 ,
1007 2533 1050 2567 de
1069 2534 1196 2578 quibus
1221 2533 1282 2565 lib.
1302 2532 1403 2572 XIV,
1421 2544 1476 2575 ep.

72 2585 140 2617 lem
169 2597 330 2631 vappam.
353 2603 366 2615 »
395 2586 582 2620 Athenaeus
597 2614 605 2627 ‚
624 2587 684 2620 lib.
703 2587 739 2627 Ι,
799 2600 901 2620 cx111.
921 2587 1129 2620 Surrentum
1150 2598 1232 2619 vero
1256 2585 1338 2617 urbs
1357 2593 1405 2617 est
1423 2583 1479 2616 Pi-

71 2649 144 2682 cap.
174 2642 220 2678 24
244 2650 252 2671 z
278 2639 526 2672 Surrentinum
548 2640 675 2684 quinto
707 2649 738 2672 et
800 2640 1042 2680 centinorum,
1075 2652 1144 2672 non
1185 2639 1288 2683 longe
1320 2638 1361 2670 ab
1393 2637 1479 2670 urbe

70 2690 234 2724 vicesimo
263 2704 352 2725 anno
381 2692 503 2738 incipit
526 2704 598 2725 esse
619 2693 737 2737 potui,
800 2693 957 2737 Neapoli.
