2044 3292
478 174 574 229 248
855 176 915 218 Μ.
939 177 1079 220 VAL.
1119 178 1503 223 MARTIALIS

1042 329 1309 385 CXLVI.

1023 466 1337 513 cenvan*

543 610 692 653 Tmen
717 620 849 670 caput
868 609 993 653 nardi
1015 609 1143 666 folio,
1163 611 1348 656 cervical
1377 611 1536 665 olebit3

612 677 806 723 Perdidit
831 691 1102 741 unguentum
1125 698 1261 742 quum
1285 698 1432 736 coma,
1456 682 1604 743 pluma
1628 693 1756 728 tenet.

549 816 812 879 Μαλοὲάθρω
836 822 1003 882 Κόσμου
1032 828 1164 883 χρῖσον
1191 824 1330 884 τρίχα,
1360 825 1459 870 τύλη
1488 820 1533 866 ἂν
1561 818 1656 873 ὄζοι·

618 880 655 931 O
677 890 878 950 γνάφαλος
902 893 1080 953 κρατέει,
1106 889 1190 953 θρὶξ
1211 895 1273 937 ὅτ’
1294 894 1446 953 ἀφῆκε,
1470 895 1605 954 μύρον.

535 1022 549 1036 *
569 1026 727 1061 Cervical
750 1029 915 1073 pulvinus
940 1029 1007 1063 fuit
1027 1030 1152 1063 cervici

484 1079 659 1124 subjectus
673 1106 681 1118 ,
705 1088 745 1114 ut
765 1081 894 1114 cubital
913 1082 1032 1116 cubito
1060 1082 1154 1128 apud

484 1131 669 1166 Horatium
684 1133 746 1167 lib.
765 1133 801 1166 II
812 1159 820 1174 ‚
835 1142 898 1167 sat.
919 1135 1090 1181 11.—-Ego
1108 1143 1156 1169 at-

484 1191 601 1218 tamen
622 1186 741 1230 potius
761 1185 988 1226 crediderim,
1009 1188 1156 1221 cervical

484 1235 522 1270 id
547 1238 620 1271 fere
651 1238 754 1272 fuisse
782 1238 877 1285 quod
905 1252 968 1273 nos
992 1252 1156 1274 vocamus

486 1296 647 1323 serre-tete
657 1300 717 1325 aut
733 1292 855 1326 bonnet.
872 1291 956 1326 Vid.
976 1305 1051 1338 quae
1068 1293 1158 1326 infra

486 1344 686 1378 notavimus
707 1343 751 1378 ad
771 1357 818 1378 vs.
839 1357 870 1378 1.

547 1409 579 1430 1.
614 1397 723 1442 Tange
751 1397 847 1431 malit
873 1398 912 1430 de
939 1398 1040 1443 Rooy.
1072 1399 1163 1443 Uaga

488 1448 629 1482 Thuan.
652 1450 756 1494 Pinge
783 1450 989 1485 Beverlandi
1009 1451 1083 1485 MS.
1111 1452 1163 1485 Ex

491 1498 566 1535 MS.
583 1501 755 1536 Gruterus
770 1503 854 1549 legit
870 1503 976 1537 Cosmi
984 1505 1081 1547 folio.
1101 1504 1164 1538 Co-

492 1555 550 1586 smi
561 1553 624 1598 filo
642 1554 720 1590 cod.
744 1556 901 1597 Beverl.;
921 1556 1062 1602 quidam
1081 1569 1165 1592 vero

495 1607 595 1640 Costi.
611 1629 663 1634 -
679 1608 785 1642 Nardi
806 1609 902 1652 folio.
926 1611 978 1643 De
1002 1610 1071 1644 hoc
1099 1623 1163 1643 un-

491 1668 620 1704 guento
630 1659 763 1695 dictum
775 1663 885 1708 epigr.
900 1674 942 1695 cx
955 1675 1069 1708 supra.
1082 1663 1115 1697 N
1117 1675 1161 1696 on

493 1713 600 1758 magis
623 1712 802 1748 difficilem
821 1728 959 1749 sensum
983 1716 1108 1754 habes,
1137 1716 1164 1749 si

1212 1031 1296 1076 legis
1318 1030 1424 1064 Cosmi
1429 1043 1442 1070 ;
1458 1029 1555 1064 istius
1568 1041 1718 1074 namque
1733 1040 1891 1074 unguen-

1214 1083 1293 1115 tarii
1326 1082 1539 1116 mentionem
1573 1082 1696 1128 saepius
1734 1082 1889 1116 fecimus.

1216 1135 1444 1181 Quacumque
1470 1143 1584 1168 autem
1611 1135 1760 1168 lectione
1785 1134 1892 1180 magis

1215 1187 1410 1229 delecteris,
1417 1187 1555 1221 distichi
1567 1187 1735 1222 sententia
1744 1187 1818 1221 haec
1828 1195 1894 1221 est:

1218 1240 1253 1274 Si
1266 1241 1414 1274 tinctum
1428 1240 1491 1274 tibi
1503 1240 1688 1274 Cosmiano
1704 1247 1809 1286 caput
1821 1240 1893 1273 fue-

1218 1293 1283 1331 rit,
1315 1293 1461 1327 cervical
1481 1293 1692 1335 maculabis3
1714 1300 1894 1338 unguento

1221 1347 1315 1379 enim
1336 1344 1466 1379 madidi
1485 1346 1602 1392 capilli
1624 1347 1787 1379 imbuunt
1808 1357 1895 1391 quo-

1222 1411 1291 1445 que
1314 1399 1510 1444 pulvinum.
1524 1421 1576 1426 —
1591 1399 1682 1432 Sane
1702 1397 1844 1444 quidem
1868 1397 1896 1431 si

1223 1450 1361 1485 nudum
1380 1461 1484 1498 caput
1506 1464 1514 1486 :
1529 1450 1591 1486 sed
1609 1452 1687 1498 quis
1705 1450 1823 1485 credat
1839 1462 1897 1484 eos

1225 1504 1319 1538 nuda
1342 1504 1476 1539 cervice
1497 1503 1726 1538 dormivisse?
1744 1503 1817 1537 Ubi
1837 1515 1897 1536 au-

1226 1567 1296 1592 tem
1323 1558 1430 1603 capiti
1454 1558 1660 1604 operculum
1685 1554 1828 1603 aIIquod
1852 1555 1898 1589 sit

1228 1609 1407 1656 quomodo
1426 1611 1599 1656 pulvinari
1623 1609 1768 1644 maculae
1788 1607 1899 1642 adhae-

1224 1664 1352 1697 rebunt
1360 1663 1374 1696 ?
1383 1662 1496 1697 Crede
1508 1675 1589 1708 ergo
1601 1662 1744 1698 cervical
1757 1673 1829 1696 esse
1840 1660 1899 1695 hic

1226 1729 1267 1748 un.
1286 1722 1450 1750 serre-tete.

1039 1851 1352 1908 CXLVII.

814 2009 1181 2038 CUBICULARIA
1221 2009 1550 2038 GAUSAPINA.

1572 1987 1590 2005 >4

571 2135 823 2179 STRAGULA
855 2137 1084 2196 purpureis
1115 2136 1261 2180 lucent
1284 2135 1433 2179 villosa
1458 2135 1638 2195 tapeti53

639 2204 757 2261 Quid
784 2205 982 2264 prodest,
1007 2208 1040 2249 si
1066 2216 1107 2250 te
1133 2205 1332 2266 congelat
1355 2222 1466 2249 uxor
1489 2204 1629 2248 anus?

569 2344 780 2402 Στρωμναὶ
805 2345 1036 2404 πορφυρέοις
1063 2342 1132 2387 εἷσ’
1153 2346 1328 2404 εὕτριχες
1353 2342 1455 2403 ἀμφὶ
1484 2345 1672 2391 τάπησιν·

641 2411 692 2455 Εἴ
718 2430 759 2456 σε
784 2413 1010 2473 καταψύχει
1038 2422 1179 2476 γραῦς,
1210 2416 1271 2465 τίς
1299 2416 1426 2464 ὄνησις
1459 2412 1504 2455 ἂν
1533 2413 1582 2471 ἦ;

556 2545 571 2559 ’
601 2550 802 2584 Cubicularia
831 2555 1018 2597 gausapina.
1045 2552 1176 2586 Villosa

503 2615 629 2649 nempe
641 2604 793 2638 cubiculi
805 2604 968 2650 stragula,
979 2606 1032 2638 vel
1044 2603 1179 2638 calidis-

503 2656 587 2689 sima
597 2682 606 2697 ‚
621 2668 691 2691 non
708 2666 852 2703 possunt
866 2657 902 2691 id
916 2658 1054 2691 vincere
1071 2658 1177 2702 frigus

1237 2564 1309 2597 quo
1341 2561 1373 2585 te
1402 2551 1509 2585 afficit
1531 2551 1638 2584 invite
1666 2550 1780 2584 vetula
1810 2562 1907 2583 uxor.

1294 2618 1325 2638 2.
1354 2605 1511 2649 Contegut
1534 2604 1734 2638 Scriverius.
1765 2601 1912 2646 Contegit

1238 2671 1345 2703 marg.
1367 2656 1419 2691 ed.
1438 2656 1571 2701 Langii.

2034 611 2044 839 -1.....-—1·—-‹=.e=
