2044 3292
474 269 526 296 12
842 254 903 296 M.
927 254 1069 298 VAL.
1109 255 1505 299 MARTIALIS

1100 405 1248 460 XII.

920 550 976 578 IN
1016 550 1387 579 POSTHUMUM.
1410 529 1428 548 '⁴

534 662 703 704 OMNlA
728 661 970 721 promittis,
991 678 1126 722 quum
1149 671 1239 705 tota
1260 671 1388 706 nocte
1410 662 1556 705 bibisti
1577 679 1585 704 :

604 731 737 774 Mane
764 730 871 774 nihil
896 741 1085 792 praestas.
1110 732 1349 776 Posthume
1365 768 1376 789 ‚
1404 748 1530 775 mane
1556 731 1666 775 bibe.

518 857 531 872 '
546 862 605 895 Ad
615 863 790 895 Pollionem
801 863 1002 898 inscribitur
1012 864 1048 898 iu
1060 863 1141 899 cod.
1259 878 1276 898 2
1285 891 1292 898 .
1305 865 1413 898 Pollio
1424 862 1629 897 Beverlandi
1638 863 1878 897 MS.-—Mane.

466 915 602 948 Thuan.
1201 918 1278 951 Hoc
1288 927 1337 952 est
1349 944 1357 959 ,
1370 916 1551 963 postridie.
1562 938 1614 944 —--
1625 917 1722 949 Mane
1734 915 1813 949 bibe.
1829 917 1881 948 Ut

518 967 702 1000 —Virum
714 968 944 1014 reprehendit
954 970 1013 1016 qui
1024 971 1142 1004 ebrius
1200 971 1384 1017 promittas
1394 995 1403 1010 ‚
1419 979 1522 1016 atque
1537 969 1661 1003 eodem
1673 969 1730 1003 die
1744 981 1880 1002 memor

464 1020 635 1054 nihilnon
646 1023 932 1067 compotantibus
943 1024 1141 1069 pollicetur,
1201 1032 1363 1070 praestes;
1385 1023 1575 1057 dormienti
1596 1023 1689 1056 enim
1711 1022 1776 1056 tibi
1795 1034 1878 1067 pro-

463 1081 499 1107 at
515 1073 575 1107 ubi
594 1074 645 1108 sui
665 1087 831 1121 compos,
848 1076 937 1110 nihil
955 1086 1107 1122 praestat.
1202 1078 1304 1111 missa
1322 1076 1489 1112 excidunt
1506 1089 1546 1110 ex
1567 1075 1746 1109 memoria.

1075 1213 1260 1271 XIII.

991 1363 1064 1392 AD
1105 1363 1343 1392 AUCTUM.

605 1482 769 1525 GENUS
783 1515 794 1536 ‚
815 1482 978 1535 Aucto⁷
998 1480 1109 1524 lucri
1131 1481 1285 1525 divites
1306 1481 1471 1524 habent
1489 1482 1595 1525 iram
1609 1517 1620 1537 ,

605 1550 760 1595 Odisse
775 1586 787 1606 ‚
809 1567 941 1612 quam
965 1550 1153 1608 donare,
1177 1550 1304 1596 vilius
1330 1561 1512 1596 constat.

523 1701 553 1721 1.
577 1690 684 1723 Genus
706 1690 797 1722 lucri.
820 1690 995 1723 Nimirum
1016 1689 1141 1723 divites
1202 1690 1305 1723 traria
1326 1689 1443 1724 dicere
1460 1703 1562 1724 ausus
1582 1699 1689 1731 esset,
1705 1702 1814 1736 quum
1837 1691 1881 1723 ti-

465 1742 643 1786 {ingebant
665 1742 753 1775 iram
767 1769 777 1785 ,
800 1755 845 1776 ne
873 1742 1008 1788 aliquid
1032 1742 1142 1776 dona-
1202 1751 1313 1777 meret
1327 1756 1372 1777 ne
1387 1743 1535 1777 divitem
1552 1751 1586 1777 et
1600 1751 1783 1788 potentem
1802 1756 1880 1788 gra-

464 1802 561 1832 rent,
579 1795 642 1828 lib.
663 1796 735 1836 ΠΙ,
759 1796 873 1841 epigr.
904 1809 1024 1829 xxxvx.
1040 1797 1142 1830 Tunc
1201 1797 1279 1830 vius
1300 1796 1464 1836 laederet‚
1491 1797 1683 1829 innocuum
1705 1809 1776 1830 sese
1798 1809 1882 1842 pro-

462 1856 578 1881 autem
591 1848 668 1894 quis
685 1861 818 1895 pauper
831 1849 1039 1883 vociferanti
1055 1861 1141 1882 con·
1201 1850 1288 1883 bans
1299 1876 1308 1892 ,
1328 1862 1433 1895 quam
1455 1849 1619 1884 silentio?
1638 1850 1706 1883 En.

1080 1988 1254 2044 XIV.

975 2139 1046 2166 AD
1085 2138 1335 2168 muscum.
1356 2117 1376 2136 ⁴²

536 2259 735 2301 PARcms
762 2258 920 2311 utaris,
944 2274 1124 2314 moneo,
1153 2259 1348 2319 rapiente
1372 2257 1558 2311 veredo,

601 2329 770 2381 Prisce,
798 2344 880 2372 nec
908 2329 951 2371 in
977 2326 1148 2389 lepores
1174 2339 1262 2373 tam
1288 2328 1505 2373 violentus
1537 2345 1620 2372 eas.

517 2464 529 2476 ”
548 2467 672 2500 Monet
689 2466 847 2500 Priscum
863 2466 1050 2500 venatione
1066 2467 1140 2511 plu·
1260 2480 1290 2500 1.
1314 2467 1468 2512 Rapiente
1487 2467 1614 2500 veredo.
1635 2466 1795 2500 Turneb.
1817 2466 1878 2499 lib.

467 2520 594 2553 rimum
605 2533 640 2553 se
650 2519 966 2561 oblectantem‚vel
978 2520 1140 2561 raro‚vel
1201 2520 1327 2552 XVIII
1338 2545 1348 2562 ‚
1364 2533 1438 2565 cap.
1461 2533 1474 2553 1
1485 2547 1492 2554 .
1508 2519 1640 2566 Opinio
1659 2528 1728 2560 est,
1746 2519 1879 2564 inquit,

462 2581 561 2606 caute
576 2598 586 2613 ‚
609 2585 672 2606 nec
693 2581 769 2606 toto
788 2572 869 2618 equi
896 2573 1030 2618 impetu
1050 2573 1139 2606 feras
1202 2572 1370 2606 veredum
1400 2585 1530 2617 equum
1560 2585 1655 2614 esse,
1687 2572 1748 2618 qui
1778 2571 1879 2605 vehat

467 2634 713 2671 persequatur,
735 2626 763 2659 si
785 2626 888 2660 obvia
908 2626 1063 2672 pericula
1083 2637 1138 2659 ca·
1198 2625 1345 2659 rhedam
1365 2638 1373 2658 :
1394 2625 1454 2659 sed
1476 2638 1539 2671 ego
1558 2625 1729 2659 veredum
1745 2636 1877 2669 equum

464 2691 590 2724 susque
612 2678 789 2714 declinare
812 2679 907 2714 velit.
1199 2687 1306 2724 puto,
1336 2680 1395 2725 qui
1422 2692 1537 2725 neque
1565 2678 1731 2719 rhedam,
1763 2689 1877 2722 neque
