1901 3259
321 249 905 294 EPIGRAMMATUM
948 247 1072 290 LIB.
1114 245 1264 287 XIII.
1434 257 1489 301 9¹

745 403 824 456 [I.

1060 533 1076 549 ιι

526 560 575 587 liv
614 547 1031 587 DETRACTOR'EM.

162 686 376 728 NASUTUS
406 684 460 726 sis
490 699 625 743 usque
655 681 775 736 licet,
802 681 857 724 sis
889 679 1074 739 denique
1105 693 1257 730 nasus,

231 754 459 810 Quantum
484 752 672 797 noluerit
699 752 812 795 ferre
840 759 1016 811 rogatus
1038 748 1157 792 Atlas
1172 783 1182 801 ‚

163 826 219 868 Et
246 825 384 885 possis
410 825 551 885 ipsum
574 833 623 867 tu
647 821 843 866 deridere
869 822 1100 875 Latinum,

233 896 334 939 Non
362 904 484 954 potes
508 895 552 937 in
574 909 712 954 nugas
737 892 880 936 dicere
902 891 1026 952 plura
1048 907 1188 941 meas,

163 967 262 1025 Ipse
292 981 373 1025 ego
403 981 531 1024 quam
564 963 653 1007 dixi
680 981 688 1006 ε

722 963 825 1023 quid
857 962 1030 1006 dentem
1061 961 1190 1005 dente
1216 959 1385 1020 juvabit

233 1034 439 1078 Rodere?
467 1051 597 1078 carne
624 1051 733 1095 opus
757 1044 839 1086 est,
862 1034 895 1076 si
917 1042 1036 1077 satur
1061 1048 1153 1075 esse
1179 1029 1296 1074 velis.

165 1104 231 1148 Ne
258 1105 414 1166 perdas
439 1121 616 1166 operam
640 1123 651 1159 ς
674 1105 748 1166 qui
774 1121 818 1148 se
839 1105 1072 1157 mirantur,
1096 1104 1140 1145 in
1166 1101 1260 1145 illos

234 1177 365 1220 Virus
395 1176 508 1220 habe
533 1193 541 1218 :
569 1193 649 1220 nos
675 1176 767 1220 haec
797 1176 999 1218 novimus
1025 1179 1118 1217 esse
1142 1171 1260 1216 nihil.

165 1248 258 1291 Nec
288 1257 433 1290 tamen
462 1247 547 1290 hoc
573 1248 756 1290 nimium
785 1245 890 1288 nihil
921 1255 1007 1298 est,
1039 1245 1072 1288 si
1102 1242 1311 1287 candidus
1340 1258 1470 1291 aure,

235 1320 326 1362 Nec
351 1319 565 1362 matutina
592 1319 625 1361 si
653 1317 758 1361 mihi
788 1317 931 1360 fronte
959 1316 1091 1358 venis.

151 1453 165 1467 ¹
184 1458 244 1491 Ad
265 1459 392 1491 eundem
422 1458 478 1491 ed.
500 1458 599 1491 Bar-b.
614 1480 666 1484 -—
687 1458 770 1503 Epiv

99 1523 251 1556 gramma
280 1511 348 1544 hoc
381 1512 417 1544 in
448 1512 585 1544 Zoilum
612 1519 646 1544 et
682 1511 772 1544 scio-

98 1564 171 1596 lum
183 1591 192 1607 ,
209 1576 279 1610 quo
298 1573 418 1598 monet
432 1565 600 1598 lectorem
617 1564 771 1598 Theoni-

98 1629 208 1659 num,
226 1617 278 1651 uti
303 1630 347 1651 ne
375 1626 493 1663 carpat
518 1617 555 1650 id
577 1617 673 1663 quod
695 1630 712 1650 a
738 1630 773 1650 se

97 1671 167 1715 jam
183 1679 342 1716 carptum
368 1680 403 1705 et
419 1672 590 1717 abjectum
615 1679 773 1704 contem-

99 1731 269 1769 ptumque
285 1723 328 1758 sit
349 1724 440 1758 satis.

157 1789 185 1810 1.
211 1777 364 1811 Nasutus.
394 1778 493 1810 Licet
527 1778 572 1811 sis
604 1777 773 1810 maximus

100 1829 253 1870 derisor;
270 1843 372 1864 nasus
386 1830 478 1863 euim
494 1830 665 1863 irrisionis
677 1828 775 1863 sedes

102 1891 163 1916 est.
181 1881 265 1915 Vid.
283 1883 343 1916 lib.
363 1885 396 1924 Ι,
411 1884 519 1929 epigr.
540 1895 587 1916 lv.

157 1936 357 1969 2.Noluerat
370 1936 444 1970 MS.
464 1936 598 1970 Beverl.
619 1944 653 1969 et
670 1948 719 1969 vs,
741 1936 772 1976 5,

101 1989 158 2021 sed
180 2001 245 2035 pro
263 2002 374 2035 quam,
395 1998 430 2023 et
457 2003 506 2023 vs.
537 2002 558 2033 9
576 2014 586 2030 ,
605 1989 749 2021 conditus
763 2014 772 2027 ,

102 2050 136 2075 et
154 2055 200 2075 vs.
219 2053 280 2081 10,
301 2043 628 2087 venit—Quantum
641 2042 777 2075 noluerit

94 2096 184 2138 serre
215 2103 354 2139 rogatus.
394 2097 503 2129 Totus
536 2108 577 2129 ex
614 2095 776 2128 irrisione.

101 2149 314 2194 compositus
335 2158 369 2182 et
382 2149 571 2189 conflatus,
586 2164 598 2175 «
617 2147 700 2182 deos
719 2161 775 2181 ro-

101 2201 196 2247 gabis
209 2203 341 2235 Totum
354 2211 392 2236 ut
414 2212 447 2236 te
463 2202 600 2243 faciant,
614 2202 756 2236 Fabulle
769 2229 776 2243 ‚

101 2267 223 2288 nasum
239 2272 252 2285 u
269 2281 278 2297 ‚
296 2254 384 2289 dixit
403 2256 560 2289 Catullus
572 2281 580 2297 ‚
599 2254 659 2289 sed
674 2268 775 2288 sensu

103 2307 179 2341 alio.
208 2329 260 2335 —
281 2309 390 2343 Atlas.
423 2308 670 2356 Hyperbolice.
705 2309 776 2350 Qui

102 2361 197 2394 Atlas
216 2361 336 2395 caelum
359 2370 476 2395 tamen
497 2363 653 2396 humeris
672 2362 775 2395 susti-

103 2413 219 2446 nuisse
246 2413 393 2456 dicitur,
412 2415 475 2448 lib.
503 2416 576 2460 IX,
595 2415 703 2461 epigr.
729 2427 777 2456 1v,

103 2478 153 2499 vs.
179 2466 211 2500 5.

160 2519 193 2552 3.
213 2520 371 2554 Latinum.
391 2521 541 2554 Mimum
554 2534 680 2567 nempe
693 2529 778 2554 tunc

105 2572 293 2611 celebrem3
311 2573 371 2605 lib.
408 2575 442 2613 I,
467 2574 576 2619 epigr.
596 2587 638 2613 v,
662 2587 712 2607 vs.
740 2576 777 2611 5..

111 2642 123 2653 u
141 2624 403 2671 derisoremque
424 2627 588 2660 Latinum
605 2645 632 2659 υ.

887 1456 1002 1499 5.lpse
1027 1468 1085 1499 ego
1109 1467 1201 1500 quam
1225 1453 1305 1486 dixi.
1338 1452 1394 1485 Sic
1424 1450 1507 1484 edd.

831 1511 904 1543 fere
913 1520 1047 1542 omnes.
1060 1506 1229 1549 Quaedam
1240 1515 1356 1540 tamen
1370 1514 1433 1537 tam
1443 1516 1507 1550 pro

831 1576 933 1609 quam.
960 1562 1135 1595 Neutrum
1160 1559 1239 1594 cod.
1269 1559 1403 1592 Beverl.
1441 1556 1507 1590 vid.

831 1624 904 1649 not.
926 1614 968 1648 ad
988 1628 1036 1648 vs.
1057 1614 1323 1659 2.—-Ipse'ego.
1344 1613 1433 1645 Nam
1453 1623 1510 1645 su-

832 1669 961 1714 periori
982 1668 1137 1701 carmine
1159 1666 1347 1713 appellavit
1365 1677 1437 1706 eas,
1459 1673 1508 1697 to-

832 1735 890 1768 gas
918 1720 1160 1766 cordylarum,
1188 1720 1363 1753 esculenta
1385 1719 1510 1752 blatta-

833 1788 928 1816 rum,
945 1787 1052 1808 nuces
1068 1785 1260 1819 puerorum
1272 1799 1281 1813 ‚
1302 1781 1335 1805 et
1349 1771 1488 1804 fritillos
1499 1796 1506 1807 ‚

833 1837 898 1861 etc.
914 1850 966 1854 -
988 1827 1078 1872 Quid
1091 1827 1211 1859 dentem
1226 1853 1234 1866 ,
1261 1834 1323 1858 etc.
1346 1823 1442 1866 Quid
1467 1824 1510 1856 li-

833 1894 923 1915 mam
940 1881 1067 1914 frustra
1082 1878 1196 1921 rodis,
1211 1878 1332 1911 dentes
1351 1878 1416 1911 tibi
1433 1890 1510 1910 era-

833 1947 911 1967 sura
929 1933 1070 1979 vipera?
1090 1932 1176 1978 quid
1195 1932 1407 1965 carminibus
1428 1930 1511 1963 meis

833 1986 1104 2033 reprehensoriis
1115 2013 1124 2027 ‚
1141 1983 1398 2031 reprehensor?

889 2043 922 2074 6.
950 2040 1054 2073 Carne
1085 2053 1161 2084 opus
1192 2047 1247 2072 est.
1270 2039 1344 2071 Hoc
1369 2045 1445 2070 est:
1471 2036 1508 2069 Si

835 2093 918 2127 velis
941 2094 1081 2137 explere
1094 2091 1263 2125 invidiam
1278 2118 1286 2133 ‚
1309 2103 1412 2136 carpe
1434 2090 1511 2123 illos

834 2155 976 2193 poetas,
1007 2147 1066 2191 qui
1098 2144 1241 2191 grandia
1271 2144 1484 2191 promittunt
1505 2170 1512 2180 ‚

835 2209 868 2233 et
885 2200 920 2232 in
938 2199 1073 2246 bicipiti
1090 2199 1277 2232 somniasse
1292 2199 1460 2231 Parnasso
1478 2209 1512 2229 se

836 2253 969 2287 dicunt.

891 2320 924 2351 9.
948 2307 1016 2339 Nec
1044 2314 1155 2338 tamen.
1180 2305 1256 2338 Hoc
1283 2313 1358 2337 est:
1379 2304 1513 2336 Tamen

835 2360 872 2393 hi
892 2372 1010 2394 versus
1030 2372 1103 2392 non
1119 2367 1200 2392 sunt
1222 2359 1325 2404 plane
1346 2356 1512 2401 abjicien-

837 2412 895 2455 di,
917 2412 976 2447 sed
1002 2412 1192 2458 placebunt
1214 2410 1404 2445 lectoribus
1431 2421 1513 2443 can·

837 2466 952 2508 didis,
983 2475 1086 2511 atque
1118 2465 1160 2498 iis
1185 2465 1246 2510 qui
1271 2464 1373 2510 genio
1396 2461 1514 2495 indul-

838 2529 931 2565 gent.
945 2541 997 2546 —
1016 2519 1178 2552 Matutina
1194 2519 1314 2561 fronte.
1335 2516 1411 2549 Hoc
1433 2523 1483 2548 est
1504 2540 1511 2552 ,

839 2574 928 2607 tristi
957 2572 1144 2618 supercilio
1172 2584 1179 2604 :
1203 2582 1302 2603 inane
1325 2570 1417 2602 enim
1441 2581 1512 2602 non

840 2627 957 2671 pransi
978 2625 1135 2658 homines
1156 2632 1237 2657 sunt
1251 2623 1370 2656 severi.
