2044 3292
516 242 602 286 182

889 243 949 286 M.
976 244 1116 287 VAL.
1156 245 1543 289 MARTIALIS

1103 395 1330 453 XXXI.

887 549 1110 579 CULTER
1159 550 1546 581 VENATORIUS,

584 676 628 719 81
655 674 822 734 dejecta
845 689 990 735 gemes
1015 673 1147 735 longo
1173 674 1388 719 venabula
1413 685 1574 730 rostro5

657 745 738 789 Hic
767 744 911 788 brevis
937 745 981 788 in
1011 744 1221 805 grandem
1248 746 1446 790 cominus
1477 746 1554 790 ibit
1579 763 1746 807 apruni.

590 872 647 926 ἣν
669 880 866 943 πρόὲολος
884 888 1078 946 γλωχῒνος
1101 881 1375 945 ἀτεμὲόμενός
1401 886 1436 927 σ’
1460 886 1647 945 ἀκαχῆσῃ
1661 919 1672 938 ,

659 953 728 1005 Εἰς
747 959 905 1014 χλοῦνιν
926 954 1040 1005 κοπὶς
1062 949 1129 1003 ἥδ’
1152 958 1195 999 ἐν.
1215 956 1327 1016 χερὸς
1351 951 1543 999 ἐσδυέτω.

578 1107 607 1128 1.
631 1093 755 1128 Gemes.
770 1093 839 1127 Alii
855 1107 958 1139 geres,
978 1093 1075 1140 quod
1092 1094 1196 1128 etiam
1255 1102 1369 1128 rostro
1394 1095 1469 1140 apri
1491 1094 1683 1139 intelligere
1701 1120 1710 1135 ,
1749 1106 1855 1139 quam
1889 1093 1933 1127 dc

522 1146 681 1181 defendit
707 1146 907 1186 Flosculus,
930 1147 1109 1181 immerito
1131 1160 1196 1181 nec
1256 1148 1447 1183 venabulo,
1469 1149 1569 1193 cujus
1589 1148 1726 1192 longam
1742 1147 1850 1180 aciem
1866 1147 1935 1179 Ra-

522 1198 1076 1246 ndoptantibusnobis.——-Dejecta
1088 1201 1195 1245 longo,

524 1260 590 1286 etc.
609 1253 787 1286 Declinata
807 1253 861 1285 vel
882 1262 986 1287 exuta
1001 1267 1020 1288 a
1038 1254 1109 1286 fera
1127 1265 1134 1286 :
1151 1254 1199 1286 sic

524 1305 609 1338 Met.
634 1306 683 1346 X,
706 1306 799 1350 713,
817 1319 900 1351 aper
927 1306 984 1339 ille
1007 1305 1200 1340 Ovidianus

526 1356 696 1391 Adonidis
709 1363 842 1391 excussi!
851 1359 961 1403 pando
975 1359 1132 1392 venabula
1149 1373 1200 1392 ro-

523 1418 589 1442 uro
602 1410 637 1444 in
651 1423 802 1456 puerum
815 1425 929 1446 ruens.
942 1412 1037 1445 Malo
1049 1413 1143 1445 enim
1157 1410 1201 1445 de

1258 1199 1361 1234 derus
1380 1199 1449 1234 dici
1465 1209 1621 1234 rostrum
1638 1208 1750 1244 putat.

1316 1267 1350 1287 2.
1366 1254 1434 1286 Pro
1452 1254 1549 1286 brevis
1567 1253 1676 1286 Scriv.
1693 1252 1776 1297 legit
1791 1253 1874 1285 levis.
1885 1272 1935 1278 -—

1261 1307 1382 1339 Brevis.
1411 1308 1539 1339 Sensus
1566 1315 1617 1339 est
1645 1317 1653 1338 z
1682 1306 1717 1338 si
1747 1304 1938 1338 excusserit

1262 1359 1324 1392 tibi
1344 1359 1553 1392 venabulum
1571 1370 1655 1404 aper
1667 1384 1676 1398 ,
1692 1357 1869 1404 supplebit
1885 1356 1937 1389 vi—

1262 1425 1337 1445 ceni
1356 1411 1521 1446 venabuli
1541 1411 1664 1444 culter.

1103 1547 1360 1602 XXXII.

1048 1683 1442 1731 PARAzoNltfn1.*

602 1832 809 1874 Marriffl
834 1828 966 1872 decus
989 1828 1095 1883 hoc,
1115 1836 1158 1870 et
1178 1828 1289 1888 grati
1313 1843 1472 1870 nomen
1496 1827 1697 1883 honoris,

667 1902 802 1944 Arma
826 1899 1104 1943 tribunicium
1136 1898 1310 1959 cingere
1335 1897 1467 1958 digna
1493 1896 1604 1941 latus

604 2042 811 2101 Κόσμημα
836 2047 1025 2101 ςρατιῆς,
1054 2046 1173 2099 τιμῆς
1199 2039 1418 2099 πρόσχημα
1436 2039 1615 2089 ποθεινῆς

671 2115 828 2164 Τοῦτο,
859 2103 1118 2171 τριέουνείαιξ
1147 2107 1263 2169 ζῶμα
1291 2110 1440 2170 πρέπον
1467 2109 1621 2170 λαγόσι.

590 2245 834 2282 'Par-azotum.
855 2247 1075 2292 Παραζώνιον,
1090 2247 1212 2291 cingu-

537 2304 611 2336 lum
641 2314 718 2335 cum
746 2313 837 2335 ense.
865 2300 932 2333 Alii
959 2299 1082 2333 dicunt
1108 2298 1214 2344 gladii

539 2368 646 2402 genus
665 2367 736 2388 esse
749 2380 757 2395 ‚
778 2352 873 2400 quod
896 2352 938 2386 ad
957 2364 1078 2386 zonam
1099 2352 1213 2385 accin-

538 2409 695 2454 gebatur.
719 2407 872 2440 Honoris
893 2418 1012 2440 caussa
1034 2405 1077 2438 ab
1098 2406 1213 2450 Impe-

539 2462 714 2495 ratoribus
736 2459 869 2493 tribuni
899 2458 1121 2492 donabantur
1145 2458 1212 2492 hoc

538 2514 664 2560 gladio.
681 2514 739 2547 Sic
752 2513 921 2558 Trajanus
938 2512 1032 2545 Surae
1047 2510 1214 2556 gladium,

538 2581 609 2613 quo
623 2565 852 2612 accingendus
868 2573 958 2607 erat,
975 2565 1131 2611 porrexit
1147 2577 1154 2598 :
1170 2566 1213 2598 Τὸ

536 2622 635 2666 ξίφος,
660 2621 674 2652 ὃ
698 2619 962 2664 παραζώννυσθαι
985 2619 1081 2651 αὐτὸν
1108 2619 1212 2662 ἐχρῆν,

537 2674 645 2718 ὤρεξεν
657 2699 666 2715 ,
682 2673 748 2706 Dio
760 2673 797 2705 in
810 2672 893 2706 Vita
905 2671 1056 2717 Trajani.
1072 2671 1213 2704 Parazo-

1272 2246 1319 2278 nii
1341 2258 1482 2291 quoque
1503 2245 1717 2278 mentionem
1740 2245 1822 2278 secit
1842 2246 1948 2279 Athe-

1272 2311 1368 2332 naeus
1387 2298 1448 2331 lib.
1467 2299 1531 2331 IV.

1330 2364 1361 2385 1.
1382 2350 1539 2398 Gratique
1557 2354 1619 2384 enit
1636 2364 1723 2384 omen
1742 2351 1867 2383 honoris
1884 2351 1949 2384 Pa-

1273 2405 1332 2438 lat.
1361 2413 1394 2437 et
1421 2403 1554 2437 Arond.
1584 2414 1618 2439 et
1642 2404 1716 2438 MS.
1745 2402 1948 2437 Beverland.

1279 2476 1292 2487 u
1309 2457 1437 2490 Militia»
1464 2458 1556 2489 decus
1586 2471 1623 2490 en
1639 2485 1647 2498 ,
1676 2459 1766 2502 grati
1796 2464 1950 2489 ‘reslamen

1789 2483 1808 2501 D

1275 2512 1399 2543 honoris
1418 2509 1554 2555 legend.
1575 2523 1646 2543 esse
1667 2508 1808 2543 videtur
1829 2522 1869 2543 ex
1892 2522 1947 2542 ve-

1274 2563 1382 2609 stigiis
1419 2563 1688 2598 veterrimoruin
1729 2561 1904 2596 codicum.
1931 2579 1944 2590 ι·

1275 2616 1366 2650 Vide
1394 2615 1438 2649 de
1465 2616 1532 2650 hoc
1554 2616 1812 2662 Epigrammate
1842 2615 1951 2648 multa

1274 2682 1349 2715 quae
1367 2677 1536 2704 notantur
1551 2670 1586 2702 in
1604 2668 1688 2704 edit.
1704 2667 1838 2714 Langii.
1853 2667 1920 2700 En.
