2044 3292
549 236 639 283 162
681 238 741 281 M.
759 238 891 281 VAL.
920 236 1246 280 MARTIALIS
1271 238 1607 283 EPIGRAMM.
1631 238 1737 282 LIB.
1767 239 1891 283 XIII.

1085 387 1412 444 CXXVII.

1014 543 1229 572 CORONA
1269 524 1478 573 RosEA.*

612 671 716 713 DAT
742 668 963 712 festinatas
979 702 990 720 ,
1017 669 1182 722 Caesar,
1208 666 1284 711 tibi
1314 667 1471 712 bruma
1501 686 1711 724 coronas;

681 738 916 796 Quondam
952 737 1063 782 veris
1094 747 1212 790 erat,
1237 754 1355 783 nunc
1385 748 1459 783 tua
1489 738 1602 784 facta
1629 757 1727 785 rosa
1755 751 1832 786 est.

613 875 683 922 Σοὶ
710 876 953 936 στεφάνους,
983 875 1014 919 ὦ
1040 879 1220 936 Καῖσαρ,
1249 881 1269 920 ὁ
1296 879 1443 937 χειμὼν
1471 872 1576 922 δῶκε
1596 881 1813 940 προώρους.

683 948 828 1008 Εἴαρος
856 945 902 995 ἦν
930 949 978 992 τὸ
1003 941 1139 1008 ῥόδον·
1170 955 1236 991 νῦν
1263 942 1307 991 δὲ
1339 949 1428 992 τεὸν
1455 950 1606 1010 γέγονε.

597 1083 611 1098 ”
631 1087 797 1120 Extremo
810 1085 960 1120 disticho
974 1085 1136 1119 adulatur
1149 1084 1220 1119 Cae-

544 1139 610 1173 sari
646 1140 850 1174 Domitiano
865 1166 874 1181 ,
899 1138 1009 1173 veluti
1044 1139 1141 1180 Dm,
1175 1137 1221 1172 ad

543 1194 642 1239 cujus
663 1201 791 1226 nutum
819 1200 945 1226 natura
973 1199 1085 1225 vertat
1104 1191 1218 1231 vices,

544 1247 644 1280 solita
665 1245 765 1291 prius
782 1255 898 1279 rosam
919 1257 1000 1279 vere
1019 1253 1157 1278 tantum
1175 1244 1224 1289 gi-

543 1311 674 1344 gnere,
697 1311 793 1332 nunc
822 1305 937 1332 autem
961 1307 997 1332 et
1027 1306 1196 1331 autumno
1212 1323 1222 1340 ,

545 1352 653 1385 immo
670 1352 745 1397 ipsa
761 1351 877 1385 hieme
891 1363 899 1385 ε
923 1349 1089 1397 quodque
1106 1350 1221 1384 homi-

544 1417 630 1438 num
651 1405 792 1438 solertia
810 1404 933 1446 fiebat,
953 1403 990 1437 id
1010 1404 1154 1438 Caesaris
1173 1402 1224 1436 di-

544 1458 634 1491 vinae
651 1458 815 1503 potestati
833 1466 892 1491 aut
913 1458 1085 1491 Caesarem
1104 1469 1223 1489 aman-

545 1511 639 1543 tibus
658 1510 734 1544 Diis
754 1510 923 1544 attribuit.
942 1510 1059 1543 Rader.

604 1576 635 1597 1.
657 1564 840 1596 Festinatas
867 1577 1010 1597 coronas,
1042 1563 1119 1596 Hoc
1150 1571 1225 1605 est,

546 1628 693 1649 coronas
711 1629 883 1662 praecoces
899 1642 908 1658 ‚
930 1625 1012 1650 ante
1031 1624 1170 1661 tempus
1191 1622 1226 1649 et

547 1681 673 1702 vernos
692 1668 765 1703 dies
779 1669 1041 1715 provenientes.
1061 1669 1106 1702 Et
1127 1666 1226 1701 addit

548 1721 656 1754 bruma
685 1722 761 1762 dat,
793 1722 875 1768 quia
902 1734 1020 1756 mense
1040 1721 1224 1755 Decembri

548 1774 746 1809 Saturnalia
768 1776 1036 1809 celebrabantur
1055 1782 1089 1808 et
1113 1773 1225 1807 Xenia

549 1828 787 1861 mittebantur,
810 1827 899 1861 Vide
933 1828 994 1861 lib.
1016 1828 1082 1864 VI,
1115 1827 1222 1872 epigr.

1278 1097 1391 1127 mcxx,
1415 1085 1476 1119 ubi
1501 1084 1546 1119 de
1569 1086 1656 1120 rosis
1689 1086 1849 1121 hibernis
1873 1099 1957 1132 quas

1279 1138 1316 1171 in
1335 1138 1480 1184 gratiam
1509 1139 1702 1173 Domitiani
1723 1138 1838 1173 hieme
1863 1141 1957 1174 nasci

1279 1191 1504 1226 assentatorie
1524 1191 1609 1225 dicit
1635 1200 1748 1238 poeta.
1765 1213 1818 1219 -
1832 1192 1954 1233 Caesar,

1282 1244 1339 1277 tibi
1357 1244 1467 1277 bruma
1491 1257 1631 1278 coronas.
1658 1245 1870 1279 Domitiane.
1892 1246 1958 1279 Su·

1281 1309 1344 1342 pra
1364 1297 1474 1343 epigr.
1500 1309 1550 1338 Π,
1573 1310 1639 1331 vss.
1666 1310 1680 1332 1
1705 1306 1740 1331 et
1762 1299 1957 1332 2.—Bru-

1282 1363 1344 1383 ma.
1372 1349 1566 1384 Solstitium
1588 1351 1779 1384 hibernum
1807 1351 1959 1397 intellige

1281 1415 1350 1448 qua
1371 1404 1456 1436 anni
1479 1411 1681 1449 tempestate
1705 1404 1802 1437 nulla
1822 1413 1873 1438 est
1897 1405 1958 1438 fri-

1282 1454 1410 1501 gidior.
1595 1468 1601 1477 ¹

1340 1522 1372 1542 2.
1405 1509 1513 1541 Erant
1543 1507 1624 1542 edd.
1655 1517 1739 1543 vett.
1771 1516 1806 1543 et
1830 1509 1958 1556 Delph.

1283 1570 1318 1595 et
1337 1562 1486 1595 Farnab.
1506 1578 1520 1591 «
1536 1561 1643 1596 Palat.
1659 1571 1752 1596 recte
1767 1570 1848 1603 erat,
1865 1571 1905 1596 ut
1915 1561 1958 1596 ad

1284 1627 1398 1648 rosam
1449 1614 1632 1648 referatur.
1658 1633 1672 1645 n
1710 1615 1864 1649 Sclzrewl.
1907 1636 1960 1642 -

1288 1667 1457 1712 Quondam
1469 1671 1554 1700 veris
1566 1676 1652 1708 erat,
1668 1676 1732 1702 etc.
1751 1669 1882 1702 Natura
1899 1681 1958 1702 sua

1286 1732 1372 1754 rosae
1384 1728 1482 1754 erant
1499 1732 1633 1761 vernae,
1650 1721 1686 1754 in
1704 1729 1800 1755 tuam
1813 1721 1959 1766 gratiam

1286 1773 1442 1806 hibernae
1460 1773 1556 1807 sactae
1576 1783 1667 1808 sunt.
1682 1772 1886 1808 Adulatorie
1902 1773 1959 1807 sci·

1287 1825 1377 1859 licet.
1399 1825 1481 1859 vid.
1503 1839 1582 1872 quae
1601 1839 1703 1872 supra
1723 1825 1765 1860 ad
1783 1826 1931 1861 titulum.
