1901 3259
73 300 694 315 mmnmsnmmmmnms
698 293 1120 310 §nummumwswst-xm
1126 288 1463 302 mmmmm-§mm
1467 288 1485 298 s

215 513 615 590 MVAL.
671 502 1354 587 MARTIALIS

92 712 1467 834 EPIGRAMMATUM

492 959 793 1024 LIBER
844 956 1059 1021 XIII.

266 1152 384 1202 CUI
412 1151 660 1200 XENIA*
688 1147 994 1198 INDITUM
1023 1145 1290 1195 NOMEN.

450 1336 494 1337 je
512 1336 516 1337 ν
532 1335 542 1336 e
557 1323 1019 1343 ——Qureto-*j-—fi-
1072 1330 1113 1332 ff—

139 1483 154 1497 ’
169 1487 282 1520 Xenia
302 1485 394 1519 dicta
407 1511 416 1528 ,
436 1483 531 1530 quod
556 1485 623 1521 τοῖς
646 1484 758 1525 ξένοις,

86 1539 125 1573 id
145 1548 213 1581 est,
227 1539 423 1585 hospitibus
437 1564 446 1582 ,
460 1550 525 1571 nec
548 1550 619 1569 non
642 1536 760 1569 amicis

86 1593 353 1639 apponebantur
371 1591 655 1625 mittebanturve.
679 1590 760 1622 Haec

87 1658 196 1692 quum
216 1645 367 1691 pictores
387 1643 540 1685 tabellis,
561 1652 637 1676 tum
657 1651 760 1688 poeta

87 1698 301 1733 carminibus
322 1698 475 1731 imitatus
490 1705 557 1737 est,
572 1695 662 1729 infra
686 1696 759 1741 epi-

88 1759 277 1798 grammate
297 1763 343 1784 111
359 1775 369 1790 ‚
389 1759 424 1783 et
444 1751 584 1783 Vitruv.
605 1749 669 1782 lib.
689 1749 759 1788 VI,

89 1817 166 1851 cap.
190 1817 249 1838 10.
273 1803 384 1837 Tituli
404 1812 438 1836 et
455 1803 616 1836 lemmata
634 1814 710 1846 quae
725 1802 760 1834 in

90 1857 349 1904 elegantissimis
378 1856 573 1889 Xeniorum
601 1863 634 1888 et
667 1857 762 1899 Apo-

89 1911 320 1956 phoretorum
341 1909 466 1942 libellis
489 1907 660 1954 adscripta
683 1915 764 1940 sunt

90 1963 250 1998 distichis
267 1962 430 2007 singulis,
448 1974 487 1996 ea
505 1961 674 1995 Martialis
693 1973 764 1993 esse

92 2026 132 2050 ut
160 2016 271 2057 scias,
293 2014 337 2049 ad
367 2014 572 2061 dignitatem
602 2013 764 2058 inprimis

91 2069 348 2114 utilitatemque
377 2069 556 2114 utriusque
586 2067 763 2113 pertinet:

92 2135 202 2169 quum
223 2130 352 2156 caeterae
372 2121 615 2167 inscriptiones
631 2132 707 2166 quae
729 2120 765 2153 in

94 2176 201 2222 epigr.
223 2175 287 2208 lib.
300 2175 387 2215 XII,
399 2183 500 2220 atque
519 2174 554 2207 in
568 2173 765 2219 fragmento

93 2227 138 2262 de
177 2227 386 2274 Spectaculis
415 2235 625 2268 occurrunt,
660 2227 766 2260 libra-

93 2282 228 2315 riorum
250 2281 318 2315 sint
336 2289 371 2314 et
391 2281 612 2320 criticorum,
629 2292 694 2326 pro
713 2292 765 2312 ar-

93 2335 200 2368 bitrio
227 2347 265 2368 ac
286 2334 401 2368 lubitu
429 2333 567 2380 quidvis
594 2333 767 2379 interpre-

95 2388 244 2421 tantium
270 2399 308 2420 ac
334 2386 634 2433 interpolantium.
658 2385 767 2427 Quod

94 2440 133 2473 in
154 2439 275 2474 Xeniis
296 2448 330 2473 et
356 2439 592 2486 Apophoretis
617 2440 766 2480 factum,

97 2505 180 2526 cave
214 2491 343 2526 credas.
382 2494 424 2526 In
459 2492 768 2538 epigrammatibus

98 2544 193 2591 quod
215 2544 317 2587 dico,
339 2546 462 2580 clamat
488 2546 563 2591 ipsa
587 2544 767 2580 diversitas

98 2598 367 2644 inscriptionum
375 2599 411 2631 in
422 2597 565 2634 diversis
576 2598 767 2639 codicibus,

820 1494 927 1527 quum
950 1480 1087 1526 scriptis
1101 1506 1110 1521 ‚
1128 1489 1203 1512 tum
1223 1477 1337 1512 editis.
1357 1478 1492 1510 Horum

819 1547 903 1568 vero
918 1535 1120 1567 lemmatum
1136 1540 1313 1566 auctorem
1328 1544 1363 1565 se
1378 1531 1492 1575 ipsum

820 1587 1005 1634 profitetur
1032 1587 1136 1620 initio
1163 1586 1494 1631 Apophoretorum3

820 1654 928 1687 quum
952 1641 1065 1685 inquit
1085 1653 1092 1671 :
1113 1657 1126 1669 α
1143 1640 1337 1678 Lemmata,
1355 1638 1382 1671 si
1400 1650 1495 1683 quae-

820 1707 874 1728 ras
892 1707 955 1727 eur
968 1694 1036 1726 sint
1051 1692 1223 1737 adscripta
1235 1718 1242 1728 ,
1260 1691 1396 1724 docebo
1410 1703 1418 1732 ;
1436 1691 1497 1728 Ut,

821 1748 848 1780 si
874 1747 1054 1787 malueris,
1074 1747 1235 1779 lemmata
1257 1746 1328 1778 sol-'1
1351 1745 1454 1789 legas.
1477 1762 1489 1771 »

821 1799 920 1833 Adde
939 1799 1036 1845 quod
1055 1800 1183 1844 absque
1200 1799 1239 1831 iis
1253 1811 1297 1831 ne
1314 1797 1496 1830 millesima

821 1852 962 1898 quidem
986 1866 1063 1898 pars
1078 1851 1307 1886 distichorum
1328 1859 1420 1883 recte
1444 1850 1494 1881 in-

821 1906 930 1952 telligi
956 1906 1076 1951 possit.
1096 1905 1203 1946 Quod
1231 1905 1285 1937 vel
1309 1904 1421 1938 solum
1444 1915 1498 1935 ar-

823 1968 903 2005 guat
918 1985 927 2000 ‚
948 1960 1056 2005 ipsius
1076 1958 1243 1991 Martialis
1259 1970 1297 1990 ea
1317 1969 1408 1999 esse3
1426 1969 1497 1989 non

821 2013 1065 2053 librariorum,
1087 2012 1217 2057 quibus
1239 2011 1372 2056 Sphinx
1402 2008 1499 2043 domi

824 2079 893 2099 non
917 2074 1001 2099 erat.
1025 2067 1066 2098 Iu
1094 2064 1404 2111 epigrammatibus
1427 2071 1496 2095 tam

824 2120 995 2165 operosis,
1006 2118 1133 2164 passim
1145 2117 1421 2151 divinationibus
1429 2128 1499 2149 nou

825 2185 924 2218 opus.
941 2170 1182 2206 Scrivmn—Id
1200 2184 1282 2204 vero
1297 2168 1498 2203 notandum

826 2226 942 2259 omnia
964 2226 1038 2259 haec
1067 2238 1144 2271 quae
1167 2237 1232 2270 pro
1256 2223 1376 2257 Xeniis
1399 2223 1499 2255 missa

827 2279 862 2312 in
881 2279 947 2312 hoc
966 2278 1086 2312 libello
1111 2278 1352 2318 continentur,
1380 2274 1497 2309 edulia

827 2344 898 2365 esse
910 2357 919 2374 ‚
941 2340 1002 2366 aut
1020 2344 1074 2365 res
1093 2330 1258 2377 quasdam
1281 2330 1316 2363 in
1329 2331 1500 2363 Veterum

825 2385 998 2419 conviviis
1009 2394 1042 2418 et
1053 2385 1154 2418 utiles
1164 2393 1198 2418 et
1208 2383 1455 2422 usitatissimas,
1463 2390 1502 2414 ut

826 2437 974 2472 nardum
992 2451 1064 2484 quo
1079 2439 1133 2471 vel
1147 2438 1367 2483 ungebantur
1380 2436 1433 2468 vel
1447 2447 1502 2468 co-

826 2493 1059 2533 ronabantur,
1081 2492 1172 2536 ligna
1195 2490 1320 2536 quibus
1342 2500 1500 2533 coquun-

829 2554 886 2578 tur
905 2546 1089 2585 alimenta,
1110 2545 1190 2577 thus
1216 2542 1260 2576 ad
1284 2540 1449 2576 colendos
1470 2549 1503 2573 et

828 2597 1040 2632 invocandos
1069 2606 1147 2630 ante
1176 2596 1297 2641 epulas
1315 2594 1416 2636 deos,
1437 2602 1503 2628 etc.
