1901 3259
314 270 895 314 EPIGRAMMATUM
934 269 1059 312 LIB.
1100 268 1248 310 XIII.

1423 264 1486 325 93

721 423 828 478 IV.

864 557 883 573 -γ,

690 578 846 606 THUS.

148 705 296 747 SERUS
327 712 376 746 ut
406 702 601 746 aethereae
625 703 913 746 Germanicus
938 702 1122 762 imperet
1146 700 1270 755 aulae,

216 775 363 833 thue
392 772 465 816 diu
489 774 637 827 terris,
661 772 715 815 da
739 773 810 832 pia
831 772 960 815 thura
980 773 1090 815 Jovi.

146 903 229 969 (ὄψ’
254 913 317 954 ἵνα
343 914 535 972 κοιρανέοι
562 913 801 970 Γερμανικὸς
833 913 870 952 ἐν
897 913 987 961 Διὸς
1014 914 1136 971 αὐλῇ,

217 982 369 1029 Δηθοὶκι
395 976 433 1024 δ’
457 984 494 1024 ἐν
522 980 640 1041 γαίῃ,
667 989 726 1037 τῷ
751 978 812 1023 Διῒ
837 975 907 1031 δὸς
928 978 1109 1024 λίὲανον.

128 1116 308 1163 *Quidam
336 1121 419 1154 hinc
447 1120 588 1153 initium
618 1120 749 1153 Xenio-

74 1187 152 1208 rum
171 1174 322 1215 faciunt,
341 1181 375 1207 et
394 1174 445 1206 IV
460 1186 524 1218 pro
548 1172 660 1218 primo
683 1185 748 1205 nu-

74 1235 209 1260 merant
228 1226 488 1272 epigrammate.
510 1226 615 1259 Poeta
646 1238 749 1259 usum

75 1280 186 1313 thuris
205 1278 380 1320 ostendit,
402 1287 504 1324 atque
519 1286 639 1312 monet
659 1280 750 1311 Deos

73 1331 245 1378 rogandos
261 1345 332 1366 esse
342 1344 407 1378 pro
425 1331 592 1365 diuturna
609 1332 751 1365 Caesaris

75 1394 157 1419 vita.

131 1451 145 1471 1
155 1465 162 1472 .
177 1438 275 1472 Sertis
286 1439 407 1471 aetherii
420 1437 493 1471 MS.
510 1438 647 1470 Beverl.
661 1438 750 1470 Αιιία

75 1490 154 1524 Ald.
171 1492 270 1524 Junt.
292 1491 406 1525 Colin.
426 1490 538 1523 Maitt.
560 1491 654 1523 Aura
668 1491 748 1523 Vat.

74 1543 238 1577 Nostram
256 1545 334 1577 lect.
364 1543 423 1578 dat
444 1542 522 1577 cod.
541 1543 678 1576 Thuan.
698 1564 750 1569 -—

74 1596 168 1630 Serus
182 1605 233 1637 ut,
256 1605 321 1631 etc.
341 1596 397 1630 Sic
418 1596 584 1629 Horatius
597 1621 607 1636 .‚
627 1596 686 1629 lib.
709 1596 726 1628 I
739 1621 749 1636 ‚

74 1648 132 1682 od.
151 1661 201 1691 11,
225 1650 360 1695 stroph.
381 1650 539 1694 penult.:
560 1666 573 1678 u
591 1648 694 1682 Serus
711 1649 748 1681 in

809 1121 930 1152 caelum
944 1119 1081 1159 redeas,
1099 1120 1196 1153 Neve
1210 1129 1242 1153 te
1256 1121 1383 1154 nostris
1395 1122 1488 1155 vitiis

810 1173 972 1218 iniquum
996 1173 1116 1218 Ocyor
1140 1186 1223 1207 aura
1248 1174 1374 1207 Tollat.
1400 1192 1411 1203 »
1436 1198 1488 1202 m

813 1225 1030 1260 Germanicus.
1042 1226 1284 1260 Domitianum
1295 1227 1352 1259 hic
1364 1227 1488 1261 intelli-

810 1287 896 1324 gunt
917 1279 1128 1324 interpretes
1145 1291 1154 1320 ;
1179 1278 1272 1312 unde
1295 1280 1464 1325 colligunt
1477 1308 1485 1321 ‚

810 1344 883 1365 non
909 1332 1072 1364 extremis
1093 1332 1263 1365 Martialis
1284 1334 1401 1374 annis,
1424 1334 1484 1367 sed

810 1385 890 1417 vivo
902 1383 1017 1418 adhuc
1029 1385 1249 1426 Domifiano,
1272 1387 1399 1431 scripta
1416 1399 1486 1420 esse

810 1437 883 1471 haec
903 1437 1061 1471 disticha.
1086 1437 1178 1471 Vide
1198 1439 1258 1472 lib.
1279 1440 1368 1471 VIII
1381 1465 1389 1481 ,
1413 1441 1486 1485 epi-

810 1503 955 1536 gramm.
980 1503 1099 1524 xxx1x.

867 1556 898 1576 2.
920 1545 983 1576 Pia
1002 1544 1105 1575 llzura.
1120 1544 1294 1589 Religioni
1314 1558 1440 1591 nempe
1455 1555 1487 1579 et

810 1596 954 1640 Superis
972 1595 1143 1630 destinata
1163 1606 1256 1630 sunt.
1275 1598 1408 1631 Plinius
1426 1599 1486 1631 lib.

810 1649 879 1682 XII
891 1675 900 1689 ‚
922 1661 995 1694 cap.
1023 1653 1042 1689 4
1060 1675 1069 1690 ,
1087 1649 1157 1695 agit
1174 1649 1218 1682 de
1235 1651 1346 1684 thure.

745 1785 810 1838 v.

687 1940 868 1968 PIPER.

144 2067 304 2109 CEREA
332 2081 427 2125 quae
456 2063 606 2125 patulo
637 2063 753 2108 lucet
781 2063 963 2108 ficedula
990 2064 1162 2119 lumbo,

215 2135 363 2192 Quum
395 2135 473 2179 tihi
504 2134 616 2178 sorte
647 2134 796 2189 datur,
827 2136 861 2178 si
893 2136 1031 2196 sapis,
1060 2137 1170 2180 adde
1200 2139 1337 2199 piper.

141 2270 330 2318 Συκαλίδ’
360 2271 490 2334 ίξυόφι
512 2276 693 2334 λελαχὼς
720 2274 929 2318 τεθαλυῖαν
957 2276 1102 2336 ἀλοιφῇ

210 2347 373 2389 Πᾶσσον
399 2347 634 2399 ἐπικντῖσας,
659 2345 692 2387 εἴ
718 2363 758 2388 τι
784 2350 954 2405 φρονεῖς,
977 2347 1135 2406 πέπερι.

130 2497 160 2517 ῐ.
178 2483 286 2518 Cerea.
309 2485 384 2518 Hoc
407 2494 470 2522 est,
491 2486 638 2530 pinguis.
665 2485 740 2518 Lib.

73 2538 144 2577 111,
164 2538 271 2582 epigr.
287 2550 360 2570 Lvn
377 2549 385 2571 ε
404 2537 513 2570 «Inde
529 2550 651 2571 cereus
671 2546 744 2571 tur-

73 2598 139 2623 tur.
158 2607 170 2618 »
192 2590 243 2622 De
254 2588 400 2623 ficedula
414 2590 506 2623 infra
520 2591 627 2636 epigr.
648 2603 743 2624 xmx.

803 2486 967 2519 -Lucet.
990 2487 1072 2520 Avis
1087 2487 1144 2520 illa
1162 2500 1234 2532 prae
1252 2489 1467 2533 pinguedine

859 2551 888 2570 2.
925 2539 1015 2572 Sorte
1042 2538 1096 2573 ed.
1129 2540 1273 2573 Farnab.
1306 2565 1356 2571 --
1387 2544 1481 2578 Adde

801 2594 901 2635 piper.
916 2591 1073 2637 Insipida
1090 2593 1221 2638 quippe
1238 2601 1286 2627 est
1303 2594 1461 2629 ficedula.
