1901 3259
310 192 888 237 EPIGRAMMATUM
925 192 1050 236 LIB.
1088 191 1241 235 XIII.

1386 206 1470 237 101

647 341 898 397 XVIII.

558 496 722 525 PORRI
759 495 983 526 SECTIVI.

135 623 247 666 FILA
268 622 492 666 Tarentini
518 622 710 683 graviter
738 620 978 665 redolentia
1006 619 1126 681 porri

205 691 343 736 Edisti
375 693 568 753 quoties,
592 691 737 737 oscula
771 691 917 736 clausa
941 690 1058 735 dato.

134 826 357 892 Βρωμῶδες
387 833 435 875 τὸ
463 832 650 892 τρίχωμα
673 831 927 892 Ταρεντίνοιο
957 831 1127 892 πράσοιο

202 902 252 944 Εἰ
282 903 447 963 ἔφαγες,
475 902 634 953 κλείσας
659 903 707 946 τὸ
738 903 850 962 ςόμα
877 909 995 945 κῦσον
1025 904 1106 961 ἐμέ.

114 1049 140 1071 1.
155 1038 190 1071 F
188 1038 243 1072 ila.
257 1037 406 1071 Porrum
423 1037 595 1072 sectivum
607 1037 736 1072 intelli-

61 1102 123 1136 ge,
145 1091 206 1137 qui
227 1091 383 1136 optimus
400 1092 544 1125 Tarenti
564 1091 736 1133 nascitur,

61 1152 95 1178 et
108 1143 145 1176 in
162 1144 324 1178 herbulas
344 1144 536 1178 fruticescit
547 1169 556 1186 ‚
570 1144 606 1176 in
619 1144 737 1177 tenuia

60 1196 217 1242 quaedam
225 1197 371 1230 stamina
382 1209 538 1231 crescens
549 1197 659 1231 veluti
666 1197 734 1231 fila.

60 1250 112 1283 Eo
124 1258 239 1283 autem
247 1262 385 1284 comeso
394 1251 483 1284 male
497 1251 567 1284 olet
576 1262 632 1292 os;
643 1249 737 1284 unde

60 1301 147 1336 dicit
167 1304 295 1345 Poeta,
317 1316 388 1336 non
410 1316 482 1337 esse
508 1302 736 1349 aperiendum

60 1354 104 1388 ad
120 1354 237 1390 danda
252 1357 380 1390 oscula.
393 1357 484 1390 Voci
502 1357 625 1390 utilem
640 1357 736 1390 hunc

59 1410 285 1443 autumabant
306 1411 453 1443 Veteres
466 1422 476 1452 ς
508 1408 603 1443 unde
639 1410 736 1444 statis

59 1462 230 1495 mensium
257 1463 416 1496 omnium
439 1462 565 1497 diebus
587 1475 734 1508 porrum

796 1035 1003 1071 comedebat
1019 1036 1127 1072 Nero.
1140 1037 1274 1072 Plinius
1287 1039 1348 1073 lib.
1367 1040 1454 1074 XIX
1465 1067 1474 1083 ‚

795 1102 871 1136 cap.
886 1090 1157 1124 6.—Tarentini.
1178 1091 1285 1132 Quod
1301 1093 1475 1139 optimum

797 1143 951 1177 nascitur
964 1155 1044 1188 agro
1062 1144 1266 1178 Tarentino.

853 1209 884 1230 2.
902 1195 1001 1229 Clusa
1016 1195 1071 1230 ed.
1089 1196 1167 1231 Par.
1189 1200 1299 1244 1617.
1317 1199 1373 1232 Sic
1388 1199 1473 1234 alios

795 1257 963 1295 praeterea
992 1249 1106 1295 legere
1136 1251 1273 1284 notavit
1298 1252 1472 1287 Schrevel.

795 1323 845 1330 ——-
867 1302 988 1336 Clausa
1011 1302 1097 1337 dato.
1126 1304 1177 1337 Ea
1204 1304 1374 1338 nimirum
1398 1318 1475 1351 quae

800 1373 813 1385 «
829 1365 940 1389 muta.
951 1382 959 1389 .
971 1356 1136 1402 ,maligna
1149 1383 1156 1390 .
1172 1383 1197 1390 ..
1207 1357 1314 1392 clusis
1335 1358 1469 1392 aditum

794 1417 923 1454 negant
949 1409 1093 1443 labellis.
1112 1427 1126 1439 a»
1149 1410 1227 1444 Lib.
1246 1411 1338 1453 XII,
1360 1412 1470 1457 epigr.

795 1475 849 1495 Lv.
863 1461 947 1495 Vid.
963 1470 1037 1496 not.
1055 1462 1205 1507 praeced.

674 1598 857 1653 XIX.

532 1758 692 1787 PORRI
739 1757 996 1786 CAPITATI.

125 1870 301 1913 ΜΙΤΤΙΤ
327 1870 570 1930 praecipuos
595 1868 826 1913 nemoralis
850 1869 997 1913 Aricia
1025 1885 1207 1929 porros;

194 1940 248 1982 In
272 1940 400 1984 niveo
423 1940 581 1984 virides
606 1940 749 2000 stipite
771 1955 900 1983 cerne
923 1955 1081 1983 comas.

123 2068 256 2130 Ᾰλσος
281 2073 463 2140 Ᾱρικῒνον
494 2079 631 2141 πράσα
656 2082 857 2140 τιμήεντα
886 2074 1043 2123 δίδωσι·

193 2151 342 2194 Λευκὸν
369 2153 443 2211 ὅρα
471 2149 639 2212 χλοερᾶς
670 2152 816 2195 καυλὸν
846 2152 994 2211 ἔχοντα
1019 2152 1161 2211 κόμας.

109 2302 140 2324 1.
164 2290 268 2323 Mittis
287 2290 363 2324 MS.
384 2291 422 2323 in
443 2303 553 2336 marg.
572 2289 628 2324 ed.
648 2291 725 2324 Par.

57 2344 169 2388 1617.
192 2364 246 2370 —
265 2343 390 2377 Aricia.
415 2343 507 2377 Latii
528 2343 668 2386 civitas,
690 2344 727 2377 in

52 2406 121 2440 qua
147 2407 272 2441 porrus
295 2396 468 2442 capitatus
489 2397 642 2443 optimus
657 2422 666 2438 ‚
688 2404 729 2431 ut

51 2447 198 2481 Tarenti
218 2449 366 2483 sectivus
390 2450 607 2484 nascebatur.
629 2450 727 2483 Dici-

52 2508 109 2533 tur
129 2502 295 2534 nemoralis
313 2514 334 2536 a
353 2514 498 2536 nemore
517 2503 635 2537 vicino
649 2528 658 2544 ‚
681 2502 727 2536 de

51 2566 122 2599 quo
144 2565 348 2600 quanquam
368 2563 403 2588 et
428 2556 654 2589 celeberrimo
680 2556 727 2589 ob

53 2606 172 2641 Dianae
194 2607 344 2642 Aricinae
363 2608 497 2643 cultum
520 2617 553 2643 et
574 2608 730 2643 sacerdo-

787 2298 878 2332 tem,
900 2302 1014 2336 neque
1032 2290 1200 2325 hactenus
1230 2292 1266 2324 in
1292 2292 1347 2326 his
1367 2305 1462 2326 com·

786 2343 965 2377 mentariis
987 2344 1155 2382 enarranti,
1176 2344 1269 2378 nihil
1290 2344 1459 2379 dicemus.

787 2395 856 2430 Sed
875 2395 957 2430 vide
972 2396 1144 2431 Ovidium
1158 2397 1185 2431 F
1187 2406 1248 2432 ast.
1269 2399 1342 2440 VI,
1364 2398 1425 2443 59.

843 2462 877 2483 2.
896 2449 933 2482 V
930 2450 1024 2484 irides
1040 2463 1153 2484 comas.
1172 2451 1286 2496 Caput
1301 2451 1399 2496 porri
1416 2451 1465 2486 vi-

786 2501 864 2536 ride
876 2502 1048 2548 intellige,
1059 2505 1159 2549 cujus
1171 2503 1278 2549 stipes
1292 2504 1389 2538 albus
1402 2513 1465 2546 est,

787 2555 848 2589 ubi
866 2556 1048 2589 maturuit.
1061 2555 1155 2589 Vide
1174 2557 1406 2591 Columellam
1421 2556 1465 2592 de

788 2609 840 2642 Re
859 2609 1001 2643 Rustica
1016 2609 1077 2643 lib.
1096 2610 1149 2643 XI
1162 2635 1172 2650 ‚
1188 2621 1264 2656 cap.
1286 2610 1320 2644 3.

1244 2682 1260 2707 3

1200 2709 1223 2753 7
