2044 3292
511 218 606 262 218

882 220 943 262 M.
971 221 1108 264 VAL.
1150 221 1544 265 MARTIALIS

1098 370 1329 429 XCIV.

1087 506 1344 556 Camers*

574 652 674 695 Nos
698 666 848 694 sumus
871 649 1048 694 audacis
1073 649 1241 711 plebeia
1262 660 1508 695 toreumata
1532 652 1653 706 vitri;

643 722 805 765 Nostra
833 737 915 765 nec
945 720 1116 764 ardenti
1149 737 1321 781 gemma
1347 717 1501 766 feritur
1531 738 1655 783 aqua.

570 864 784 920 Τολμηρῆς
812 862 928 904 ὑέλου
958 856 1216 921 δημοπρεπές
1245 861 1323 922 εἰμι
1351 863 1550 923 τόρευμα,

639 926 743 974 Οὐδ’
769 934 866 978 ὕλην
892 926 1001 991 ὕδωρ
1030 932 1171 992 θερμὸν
1201 927 1375 989 ἔὲλαψεν
1407 934 1521 992 ἐμήν.

555 1064 569 1080 ‘⁸
585 1069 736 1103 Addunt
753 1070 812 1104 alii
828 1070 975 1104 audaces.
989 1069 1076 1104 Vid.
1092 1070 1180 1103 Tur-

503 1124 583 1156 neb.
602 1123 728 1165 XXX,
750 1126 810 1157 26.

555 1198 609 1203 ——
627 1176 705 1210 Hoc
725 1175 829 1213 dicit,
853 1177 934 1222 quia
954 1175 1156 1221 crystallina
1170 1204 1178 1216 ,

502 1228 659 1272 ardenti,
681 1229 717 1263 id
738 1237 810 1272 est,
832 1229 942 1263 calida
967 1241 1055 1275 aqua
1080 1229 1181 1263 vitia-

502 1283 650 1325 bantur,
668 1296 740 1317 non
753 1283 837 1316 item
852 1283 973 1317 vitrea.
991 1282 1104 1316 Strab.
1120 1282 1181 1315 lib.

504 1336 591 1368 XVI
605 1336 747 1378 scribit,
764 1338 882 1370 Romae
897 1335 1059 1370 vitrarios
1073 1335 1182 1368 multa

503 1398 723 1423 commentos
748 1401 838 1431 esse,
863 1397 897 1423 et
921 1388 965 1422 ad
988 1388 1180 1422 vitreorum

502 1443 657 1484 colores,
677 1451 711 1476 et
735 1442 778 1475 ad
804 1442 1013 1476 eorumdem
1036 1450 1181 1475 tornan-

502 1493 632 1528 dorum
661 1496 889 1537 facilitatem3
918 1503 1119 1540 tantamque
1141 1507 1182 1528 ex

502 1561 544 1582 eo
559 1549 728 1582 vilitatem
743 1561 866 1583 eorum
882 1548 986 1582 fuisse
997 1575 1007 1591 ,
1026 1556 1064 1581 ut
1078 1547 1182 1593 vulgo

502 1602 669 1647 poculum
705 1602 857 1636 vitreum
887 1614 959 1636 asse
989 1600 1182 1635 venumda·

503 1662 611 1688 retur.
633 1655 768 1688 Calices
785 1654 959 1700 ejusmodi
975 1654 1077 1688 vitrei
1094 1666 1182 1700 quos

501 1708 628 1742 Strabo
667 1708 859 1750 intellexit,
891 1708 1025 1754 quique
1062 1708 1182 1741 Romae

503 1769 574 1794 tam
597 1760 657 1794 vili
682 1762 798 1807 pretio
822 1774 952 1795 venum
976 1761 1095 1802 ibant,
1123 1774 1182 1793 au-

502 1815 594 1847 «laces
618 1815 722 1860 vulgo
749 1813 968 1849 dicebantur.
997 1813 1107 1859 Atqui
1128 1816 1180 1846 vi-

506 1877 586 1900 trum
602 1880 674 1900 non
690 1866 878 1902 dicebatur
893 1867 1004 1902 audax
1019 1892 1029 1910 ,
1048 1866 1107 1900 sed
1125 1879 1181 1901 ca-

505 1921 585 1954 lices
601 1933 642 1954 ex
659 1921 751 1955 vitro
767 1921 913 1954 audaces.
936 1921 1084 1955 Audaces
1099 1933 1181 1966 ergo

503 1973 630 2019 plebeii
644 1982 741 2007 erant
755 1975 878 2008 calices
891 2000 901 2016 ‚
916 1983 949 2008 et
960 1987 1068 2020 parvo
1082 1974 1181 2006 veni-

505 2028 606 2068 bant,
619 2027 680 2072 qui
697 2035 800 2060 torno
816 2028 1070 2062 formabantur.
1088 2027 1181 2060 Hinc

503 2088 676 2113 toreumata
692 2080 844 2114 Martiali
857 2080 962 2115 dicta.
978 2082 1024 2114 At
1040 2080 1076 2113 in
1090 2080 1181 2114 scul-

502 2132 627 2179 pendis
644 2133 877 2179 caelandisque
892 2134 1092 2180 periculum
1109 2146 1180 2166 non

502 2198 675 2232 parvum:
698 2199 778 2219 nam
797 2199 888 2232 saepe
906 2187 998 2220 inter
1019 2186 1181 2231 sculpen-

503 2238 588 2273 dum
602 2239 865 2285 frangebantur.
884 2240 977 2273 Hinc
994 2247 1045 2273 est
1057 2265 1066 2281 ‚
1083 2239 1181 2285 quod

504 2293 585 2326 alibi
604 2293 775 2326 Martialis
790 2293 853 2334 ait,
869 2292 931 2327 lib.
952 2293 1052 2335 XIV,
1069 2293 1179 2338 epigr.

503 2359 568 2380 cxv
577 2357 584 2379 :
593 2363 606 2376 «
616 2345 749 2392 Aspicis
760 2345 941 2392 ingenium
951 2346 1041 2387 Nili,
1052 2346 1181 2391 quibus

502 2397 631 2434 addere
647 2399 751 2444 plura
768 2400 861 2433 Dum
877 2399 992 2446 cupit,
1006 2399 1070 2433 ah!
1088 2411 1179 2445 quo-

504 2452 568 2486 ties
593 2451 750 2498 perdidit
774 2461 896 2486 auctor
915 2465 1014 2498 opus.
1033 2470 1046 2482 n
1066 2453 1181 2498 Atque

505 2505 542 2539 hi
564 2514 647 2540 sunt
664 2507 809 2539 omnino
830 2505 952 2540 caliCes
971 2504 1031 2551 qui
1053 2505 1182 2538 dian-eci

504 2558 723 2593 dicebantur.
748 2559 853 2593 Mart.
874 2559 935 2592 lib.
963 2559 1054 2599 XII,
1073 2559 1178 2604 epigr.

505 2625 586 2646 Lxxl
608 2624 615 2645 z
640 2618 689 2645 «0
711 2621 880 2658 quantum
901 2611 1046 2647 diatreta
1066 2612 1179 2646 valent

1242 1077 1276 1103 et
1298 1071 1456 1116 quinque
1477 1071 1617 1104 comati.
1637 1088 1650 1099 n
1673 1070 1820 1104 Diatreti
1839 1071 1922 1103 cali-

1241 1135 1296 1157 ces
1324 1131 1423 1157 erant
1451 1123 1576 1165 vitrei,
1602 1123 1713 1157 cavati
1739 1123 1922 1168 perforati-

1243 1188 1327 1221 que,
1338 1176 1407 1210 hoc
1417 1184 1468 1210 est
1478 1177 1620 1222 sculpti.
1637 1180 1815 1222 Διατρῆσαι
1827 1176 1921 1209 enim

1242 1237 1294 1262 est
1311 1230 1492 1275 perforare
1508 1230 1562 1263 vel
1581 1242 1723 1271 cavare,
1744 1228 1840 1274 quod
1856 1230 1924 1261 La-

1243 1282 1307 1316 tini
1317 1283 1456 1327 sculpere
1465 1281 1607 1325 dicunt;
1619 1283 1681 1328 qui
1694 1294 1821 1328 nempe
1831 1293 1921 1328 gem-

1242 1348 1314 1369 mas
1337 1336 1517 1381 scalpunt,
1541 1336 1638 1382 quasi
1662 1334 1828 1382 quosdam
1851 1336 1921 1369 sul-

1241 1400 1300 1422 cos
1317 1388 1352 1421 in
1373 1389 1414 1421 iis
1432 1398 1558 1423 cavant
1570 1415 1579 1431 ,
1595 1397 1629 1423 et
1645 1388 1819 1423 foramina
1835 1388 1919 1422 caelo

1242 1442 1460 1487 imprimunt.
1498 1441 1587 1476 Inde
1622 1450 1781 1475 cavatores
1816 1440 1900 1475 dicti
1913 1468 1922 1481 ‚

1240 1507 1456 1540 gemmarum
1478 1496 1682 1541 sculptores.
1704 1495 1840 1528 Salmas.

1295 1560 1321 1582 1.
1332 1548 1402 1582 Nos
1413 1547 1494 1583 edd.
1506 1548 1681 1583 Schrevel.
1693 1548 1807 1582 Maitt.
1819 1547 1918 1581 Barb.

1241 1609 1275 1634 at
1306 1601 1382 1635 Non
1414 1601 1483 1635 alii.
1506 1623 1557 1628 —-
1580 1601 1709 1635 Plebeia
1746 1608 1919 1634 toreumata

1240 1656 1329 1688 vitri.
1359 1653 1494 1688 Clarius
1523 1654 1604 1688 alibi
1633 1654 1737 1687 etiam
1767 1652 1919 1688 ostendit

1246 1707 1401 1740 Toreuma
1419 1720 1602 1753 usurpasse
1620 1706 1665 1740 de
1681 1707 1838 1752 quolibet
1855 1719 1919 1752 po-

1240 1760 1341 1801 culo,
1362 1760 1423 1793 ubi
1443 1761 1568 1795 fictiles
1589 1760 1712 1794 calices
1729 1760 1780 1794 sic
1801 1760 1920 1806 appel-

1240 1813 1324 1847 lavit
1344 1826 1351 1848 :
1371 1814 1464 1848 libro
1491 1814 1580 1853 hoc,
1608 1813 1813 1860 epigramm.
1836 1824 1887 1846 cu
1910 1824 1918 1845 :

1246 1885 1258 1898 κ
1275 1868 1405 1913 Accipe
1431 1880 1503 1901 non
1530 1867 1592 1901 vili
1619 1867 1743 1901 calices
1769 1864 1814 1900 de
1841 1866 1920 1912 pul-

1240 1934 1320 1955 vere
1354 1929 1470 1962 natos,
1496 1919 1564 1954 Sed
1591 1919 1807 1953 Surrentinae
1843 1919 1920 1951 leve

1241 1982 1398 2008 toreuma
1422 1983 1518 2008 rotae.
1537 1991 1550 2003 ›-
1582 1973 1679 2007 Nihil
1708 1981 1820 2006 tamen
1850 1979 1918 2005 tam

1239 2027 1454 2062 contrarium
1482 2031 1536 2061 τοῦ
1564 2027 1761 2072 τορεύματος
1786 2024 1919 2070 signifi-

1239 2081 1390 2120 cationi,
1417 2092 1523 2126 quam
1552 2077 1650 2125 quod
1675 2080 1752 2112 leve
1780 2086 1851 2118 est,
1879 2090 1919 2111 ac

1239 2134 1315 2167 sine
1334 2134 1403 2167 ulla
1419 2132 1653 2178 inaequalitate
1664 2156 1674 2173 ,
1689 2143 1794 2177 quani
1811 2143 1918 2175 τορευ-

1240 2188 1311 2223 τική
1333 2194 1485 2232 praestat.
1509 2184 1646 2219 Fictilia
1669 2183 1811 2230 quidem
1840 2196 1919 2217 vasa

1239 2239 1342 2273 etiam
1365 2239 1551 2284 τορεύματα
1571 2236 1684 2278 dicta,
1703 2236 1764 2271 sed
1784 2249 1823 2270 ea
1842 2245 1918 2270 tan-

1241 2303 1317 2325 tum
1329 2304 1408 2338 quae
1421 2291 1527 2338 siguis
1539 2291 1664 2325 caelatis
1676 2297 1777 2324 erant
1786 2302 1915 2336 aspera.

1240 2348 1284 2379 At
1300 2345 1388 2379 levia
1407 2353 1441 2378 et
1462 2357 1551 2390 pura
1570 2344 1669 2377 nullo
1686 2341 1793 2377 modo
1811 2344 1917 2389 τορεύ-

1240 2412 1332 2444 ματα
1353 2397 1420 2432 dici
1444 2405 1601 2443 possunt.
1621 2397 1758 2431 Salmas.

1297 2465 1328 2486 2.
1359 2451 1500 2491 Nostra,
1528 2459 1594 2484 etc.
1620 2450 1742 2495 Neque
1768 2446 1919 2489 nos,⁷ut

1240 2504 1441 2551 crystallina
1467 2504 1549 2544 illa,
1577 2503 1779 2549 rumpimur
1806 2500 1918 2535 calida

1241 2570 1341 2605 aqua.
1361 2556 1443 2591 Vid.
1465 2569 1569 2602 supra
1582 2582 1589 2595 ,
1615 2556 1674 2590 lib.
1697 2556 1787 2595 XII,
1807 2554 1916 2601 epigr.

1243 2624 1345 2652 LXXV,
1362 2624 1409 2644 vs.
1430 2613 1463 2644 6.
