2044 3292
499 197 512 216 '
871 197 935 239 M.
960 197 1102 240 VAL.
1142 198 1536 241 MARTIALIS

1101 348 1288 407 XLV.

1011 506 1080 534 AD
1119 505 1388 535 PHOEBUM.

665 633 866 674 Hffimm
896 629 975 672 tibi
1003 628 1114 690 pelle
1144 630 1396 690 contegenti

665 700 806 745 Nudae
836 709 1034 761 tempora
1066 701 1365 762 verticemque
1391 700 1549 755 calvae,

663 772 834 815 Festive
861 771 964 826 tibi,
999 771 1183 829 Phoebe,
1214 771 1323 815 dixit
1348 770 1418 815 ille
1436 807 1446 823 ,

666 843 756 899 Qui
784 842 892 886 dixit
921 842 1055 904 caput
1079 859 1172 887 esse
1203 841 1459 887 calceatum.

549 995 561 1015 1
573 1009 580 1015 .
595 982 731 1015 OEdina
740 982 928 1017 Junt.Ald.
942 982 1060 1017 Colin.
1073 982 1170 1029 quod

489 1036 575 1068 vitio
603 1048 813 1081 operarum,
844 1045 903 1070 aut
929 1037 1170 1082 typographo-

488 1101 567 1121 rum
587 1088 784 1134 ignorantia
804 1089 914 1122 textui
930 1089 1094 1135 illapsum
1107 1098 1171 1123 est.

489 1142 789 1188 —Haedinapelle.
807 1143 883 1176 Hoc
894 1151 963 1183 est,
979 1143 1172 1188 galericulo

491 1206 536 1227 ex
557 1194 651 1228 haedi
670 1196 760 1241 pelle
786 1196 892 1231 facto,
916 1208 986 1241 quo
1008 1196 1174 1229 utebatur

490 1248 654 1293 imperite
669 1249 821 1282 Phoebus
839 1248 881 1282 ad
896 1247 1085 1294 tegendum
1104 1249 1173 1283 cal-

489 1300 729 1335 vitium.Vide
746 1303 809 1336 lib.
831 1303 932 1344 XIV,
954 1303 1064 1347 epigr.
1085 1315 1118 1336 L.

546 1367 580 1388 2.
595 1354 715 1389 Caloae.
733 1354 847 1396 calva,
860 1368 926 1400 pro
939 1356 1091 1396 calvities,
1107 1355 1173 1387 cal-

493 1421 545 1442 vus
574 1416 686 1441 vertex
714 1421 806 1455 saepe
827 1408 987 1441 sumitur.
999 1408 1085 1442 Vid.
1109 1408 1170 1441 lib.

490 1461 562 1502 ΠΙ,
595 1462 705 1507 epigr.
743 1473 870 1502 Lxx1v;
900 1462 962 1495 lib.
983 1461 1029 1502 V,
1061 1461 1171 1507 epigr.

492 1525 597 1555 xL1x3
617 1514 753 1555 lib.VI‚
769 1515 881 1560 epigr.
900 1527 974 1547 Lvn
995 1522 1029 1547 et
1046 1527 1172 1556 Lxxrv3

489 1566 554 1600 lib.
581 1567 633 1608 X,
658 1567 767 1613 epigr.
793 1580 958 1610 Lxxxnl;
982 1568 1043 1601 lib.
1071 1568 1174 1608 XIV,

493 1619 604 1665 epigr.
623 1632 720 1654 xxvr,

551 1673 583 1707 3.
605 1674 713 1707 Duxit
723 1686 789 1720 pro
806 1674 890 1707 dixit
904 1674 1048 1708 exhibet
1063 1672 1173 1707 codex

1230 982 1439 1017 Beverland.
1458 982 1530 1016 MS.
1551 982 1628 1015 sine
1648 981 1778 1015 idoneo
1799 995 1918 1016 sensu.

1287 1042 1320 1077 4.
1341 1036 1409 1081 Quz'
1425 1036 1518 1069 dixit.
1533 1035 1599 1068 Hic
1621 1034 1715 1068 idem
1738 1034 1817 1069 cod.
1846 1049 1919 1068 cru-

1232 1089 1315 1122 dum.
1327 1090 1397 1122 Pro
1416 1090 1587 1121 calceatum
1600 1101 1722 1122 omnes
1732 1087 1813 1121 edd.
1831 1097 1918 1122 vett.

1233 1143 1417 1183 calciatum3
1442 1140 1540 1188 quod
1566 1141 1594 1175 si
1627 1154 1786 1187 unquam
1819 1141 1920 1174 latini

1233 1196 1403 1229 sermonis
1436 1196 1524 1236 fuit,
1556 1207 1630 1227 non
1667 1203 1742 1228 erat
1772 1193 1918 1240 quidem

1233 1249 1438 1282 Domitiano
1462 1256 1521 1281 aut
1546 1248 1699 1293 Trajano
1722 1248 1920 1293 imperante

1233 1302 1401 1335 usitatum
1415 1326 1424 1342 ‚
1446 1300 1507 1334 sed
1527 1301 1570 1334 iis
1589 1309 1727 1334 tantum
1747 1301 1919 1346 tempori-

1231 1355 1296 1388 bus
1310 1367 1421 1400 quum
1439 1359 1493 1388 τοῦ
1512 1369 1528 1387 e
1543 1355 1661 1387 locum
1681 1354 1866 1400 usurpavit
1880 1354 1916 1387 in

1233 1408 1352 1442 multis
1371 1409 1407 1441 τὸ
1430 1411 1442 1440 ι’
1460 1416 1495 1441 et
1516 1406 1719 1441 dictitatum
1744 1408 1812 1440 fuit
1833 1408 1921 1440 Her-

1233 1462 1332 1494 culius
1358 1474 1427 1506 pro
1457 1462 1644 1494 Herculeus.
1657 1483 1710 1488 —
1723 1461 1918 1494 calceatum.

1236 1514 1348 1548 Fiunt
1363 1527 1446 1548 vero
1465 1514 1571 1548 calcei
1592 1527 1634 1547 ex
1652 1514 1826 1559 pellibus,
1842 1515 1920 1559 qui-

1234 1568 1300 1601 bus
1328 1580 1438 1613 quum
1464 1568 1617 1601 Phoebus
1643 1575 1777 1612 tegeret
1795 1574 1919 1612 caput,

1235 1621 1363 1654 merito
1377 1621 1570 1654 calceatum
1583 1621 1651 1654 hoc
1668 1619 1741 1653 dici
1757 1628 1899 1666 poterat
1913 1646 1921 1662 ,

1234 1682 1270 1707 et
1290 1682 1370 1720 apte
1388 1674 1569 1708 cachinnis
1589 1673 1682 1720 apud
1704 1675 1893 1707 Romanos.

1096 1809 1328 1866 XLVI.

963 1968 1035 1995 AD
1074 1967 1397 1997 CLASSICUM.
1422 1947 1440 1963 ⁴⁶

674 2096 912 2139 VENDUNT
943 2094 1139 2137 carmina
1164 2091 1335 2146 Gallim,
1362 2102 1404 2136 et
1430 2094 1657 2152 Lupercus
1676 2123 1688 2146 ‚

676 2166 839 2220 Sanos,
870 2163 1087 2219 Classico,
1112 2180 1230 2208 nunc
1259 2179 1369 2224 nega
1401 2173 1565 2224 poetas.

554 2299 568 2314 ⁴
583 2304 657 2337 Etsi
677 2303 903 2337 Democritus
921 2311 1040 2349 poetas
1059 2315 1159 2336 sanos
1171 2329 1179 2344 ‚

504 2356 540 2391 ld
551 2365 602 2391 est
613 2383 622 2399 ,
639 2357 768 2390 mentis
783 2365 962 2402 compotes
976 2382 985 2398 ‚
1000 2368 1064 2389 nec
1082 2358 1182 2389 ἐνθου-

503 2415 635 2456 σιασμῷ
655 2418 690 2444 et
711 2422 807 2444 sacro
828 2409 950 2442 furore
973 2418 1154 2455 correptos
1170 2434 1180 2451 ‚

501 2463 664 2497 excludat
681 2463 850 2497 Helicone
862 2474 869 2496 :
882 2462 1044 2508 quisnam
1065 2470 1180 2495 tamen

501 2517 608 2550 audet
623 2528 750 2562 negare
771 2516 912 2550 Gallum
932 2524 966 2549 et
980 2516 1181 2562 Lupercum

502 2583 604 2603 sanos
632 2583 725 2612 esse,
746 2569 806 2616 qui
833 2569 923 2603 mala
945 2581 1007 2602 sua
1027 2568 1180 2602 carmina

501 2626 615 2668 pretio
629 2622 822 2658 obtrudant
836 2623 1040 2657 hominihus
1058 2622 1182 2669 procul

1241 2301 1351 2336 dubio
1363 2301 1612 2341 insanioribus,
1623 2301 1684 2346 qui
1696 2301 1783 2334 mala
1797 2311 1919 2336 emunt

1241 2355 1423 2389 carmina?

1299 2421 1330 2441 1.
1356 2407 1474 2442 Gallus
1498 2416 1528 2440 et
1549 2408 1716 2452 Lupercus.
1738 2407 1826 2440 Mali
1858 2407 1925 2441 sci-

1240 2461 1322 2495 licet
1332 2469 1443 2506 poetae
1458 2460 1539 2506 :qui
1552 2469 1667 2494 tamen
1680 2472 1790 2506 quum
1808 2460 1924 2506 inepta

1243 2527 1304 2548 sua
1339 2513 1493 2547 carmina
1533 2513 1614 2547 satis
1650 2525 1778 2559 magno
1811 2513 1925 2558 pretio

1243 2566 1437 2601 venderent
1452 2594 1460 2608 ,
1475 2580 1545 2601 non
1565 2566 1629 2613 ipsi
1643 2593 1650 2612 ‚
1669 2565 1729 2600 sed
1750 2574 1925 2612 emptores

1243 2620 1475 2655 insaniebant.
