2044 3292
519 199 582 245 36

896 200 957 243 M.
982 201 1061 244 VA
1076 201 1124 243 L.
1165 201 1552 244 MARTIALIS

688 287 902 332 Tabescas
931 288 1124 344 utinam,
1151 286 1342 343 Sabelle,
1373 285 1505 331 belle!

513 422 620 454 homo
639 421 784 454 vitiosus
813 429 863 453 est
892 428 1027 453 tantum
1041 445 1050 461 ,
1071 419 1189 453 Sabel-

514 474 565 507 lus
586 486 671 507 vero
693 482 742 507 est
766 473 879 518 ipsum
903 473 1051 514 vitium,
1076 472 1190 517 inquit

513 525 680 560 Raderus.
703 524 770 560 Sed
791 526 900 571 magis
920 526 1037 571 placet
1056 525 1189 558 bellum

512 580 580 612 hoc
602 580 682 612 loco
705 579 797 613 sumi
820 591 884 624 pro
905 580 976 624 ipsa
1000 576 1084 610 belli
1104 589 1188 610 con-

513 632 677 666 tentione.

1308 423 1340 458 4.
1366 419 1531 451 Tabescas.
1547 418 1596 451 Ut
1616 430 1671 451 res
1688 417 1823 464 putida.
1842 420 1933 453 Belle

1250 479 1365 516 potest
1388 484 1460 505 esse
1482 472 1629 516 quintus
1654 484 1770 512 casus,
1793 472 1847 506 vel
1869 472 1932 506 ad-

1250 524 1424 557 verbium.
1437 525 1540 557 —Et
1557 537 1637 558 sane
1653 533 1844 570 utrumque
1864 534 1932 567 est,

1251 585 1284 610 et
1306 577 1341 609 in
1369 577 1533 622 ambiguo
1559 589 1663 611 seusu
1691 578 1858 611 nonnihil
1882 586 1932 611 est

1251 629 1434 664 acuminis,
1458 630 1524 662 En.

1157 766 1288 822 XL.

939 923 994 951 IN
1034 922 1450 952 PONTILIANUM.
1475 901 1494 919 *

578 1047 844 1094 meruus?
869 1047 1000 1092 credo
1026 1047 1211 1092 :recitas
1236 1045 1350 1091 mala
1374 1047 1598 1092 carmina?
1627 1047 1781 1093 laudo:

649 1118 841 1164 Cantas?
867 1129 997 1163 canto
1017 1135 1024 1162 :
1048 1118 1181 1173 bibis,
1206 1117 1477 1162 Pontiliane?
1505 1119 1619 1163 bibo.

578 1189 736 1235 Pedis?
761 1189 986 1234 dissimulo
1010 1206 1018 1231 :
1045 1204 1217 1250 gemma
1246 1189 1310 1232 vis
1337 1187 1517 1232 ludere?
1539 1190 1703 1234 vincor.

647 1263 734 1305 Res
758 1277 844 1304 una
868 1270 954 1316 est,
981 1261 1073 1303 sine
1103 1275 1173 1302 me
1198 1274 1327 1319 quam
1357 1259 1483 1313 facis,
1508 1269 1551 1303 et
1573 1270 1710 1305 taceo.

575 1331 647 1375 Nil
672 1342 818 1375 tamen
843 1331 1023 1375 omnino
1046 1339 1225 1390 praestas
1253 1329 1356 1372 inihi
1379 1346 1386 1372 :
1411 1339 1629 1386 mortuus,
1657 1332 1817 1392 inquis,

645 1403 869 1462 Accipiam
894 1401 1005 1445 bene
1031 1410 1072 1444 te
1097 1418 1104 1443 :
1127 1399 1185 1443 nil
1213 1399 1337 1455 volo;
1362 1400 1436 1443 sed
1464 1417 1645 1445 morere.

557 1544 573 1557 *
589 1547 626 1579 In
645 1545 877 1590 Pompilianam
891 1552 924 1577 et
939 1557 987 1577 vs.
1006 1557 1038 1584 2,
1054 1544 1181 1588 Pompi-

504 1601 587 1633 liane
600 1598 656 1632 ed.
668 1598 769 1632 Bar-b.
781 1618 832 1625 -—
845 1597 954 1631 Omni
966 1609 1090 1642 genere
1103 1596 1182 1629 offi-

505 1653 549 1686 cii
559 1659 794 1698 prosequutus
807 1660 911 1696 poeta
925 1650 1161 1683 Pontilianum
1173 1676 1182 1688 ‚

505 1718 566 1739 seu
584 1713 624 1738 ut
638 1705 697 1738 alii
712 1705 776 1749 leg.
795 1703 1052 1748 Pompilinnum
1067 1728 1076 1744 ‚
1088 1702 1180 1735 nihil

504 1767 631 1805 praeter
659 1757 829 1804 promissa
857 1755 1069 1801 recipiebat;
1098 1768 1180 1802 pro-

504 1812 665 1845 mittebat
694 1819 809 1844 autem
837 1808 1097 1848 haereditatem,
1122 1817 1182 1842 aut

504 1867 578 1910 ejus
606 1871 743 1909 partem
776 1871 856 1908 post
880 1871 1044 1895 mortem.
1073 1862 1180 1895 Poeta

503 1930 569 1964 pro
586 1917 659 1951 istis
674 1915 854 1963 promissis
871 1916 921 1948 illi
944 1924 1095 1948 mortem
1113 1915 1179 1948 im·

502 1979 666 2016 precatur
680 1982 688 2003 z
704 1982 773 2014 quo
786 1969 888 2002 simul
907 1968 1060 2001 insinuat
1075 1968 1180 2001 stulte

501 2023 579 2057 fieri
596 2024 637 2056 ab
656 2022 786 2062 amico,
803 2021 862 2067 qui
879 2021 927 2054 sic
946 2021 1097 2055 amicum
1112 2020 1179 2053 sihi

501 2076 686 2116 conciliet,
708 2084 747 2108 ut
772 2074 994 2114 conciliatus,
1022 2082 1176 2107 mortem

502 2129 612 2164 amico
628 2136 778 2174 exoptet.
800 2127 953 2161 Baderus.

558 2195 588 2216 1.
609 2182 722 2216 Credo.
735 2180 854 2214 Officii
873 2192 992 2214 caussa
1004 2179 1098 2224 fingo
1120 2192 1176 2212 me

499 2235 661 2273 credere,
679 2235 758 2268 licet
777 2234 881 2266 sciam
904 2242 936 2267 te
957 2232 1110 2266 mentiri.
1125 2254 1176 2259 —

500 2288 622 2329 Credo,
649 2296 712 2321 etc.
742 2286 947 2328 Subservio‚
975 2286 1174 2331 supparasi-

499 2351 567 2385 tor,
583 2340 753 2375 secundas
767 2352 830 2385 ago
842 2366 850 2380 ‚
864 2352 944 2373 cum
957 2338 1172 2371 Terentiano

497 2396 558 2428 illo
577 2394 787 2432 Gnathone,
809 2393 863 2426 vel
886 2391 1045 2426 Graeculo
1064 2392 1173 2424 Juve-

497 2449 609 2489 nalis,
627 2455 690 2481 sat.
708 2447 778 2488 III,
798 2457 900 2479 versu
921 2457 991 2479 100
1007 2443 1173 2477 :«Rides?

496 2501 640 2535 meliore
653 2499 824 2534 cachinno
839 2497 1052 2532 Concutitur
1070 2508 1077 2529 t
1093 2496 1151 2530 sset
1163 2523 1172 2539 ,

497 2555 524 2587 si
552 2555 720 2599 lacrymas
741 2552 920 2597 conspexit
947 2551 1070 2590 amici,
1101 2550 1173 2583 Nec

497 2606 609 2640 dolet:
628 2606 819 2651 igniculum
834 2606 966 2638 brumae
977 2605 1002 2637 si
1016 2613 1172 2648 tempore

1243 1555 1381 1587 poscas,
1395 1542 1533 1588 Accipit
1549 1543 1810 1586 endromidem
1827 1545 1853 1578 si
1871 1544 1922 1578 ‹li-

1243 1595 1350 1637 xeris,
1367 1598 1487 1629 AEstuo
1499 1622 1508 1636 ‚
1524 1596 1634 1630 sudat.
1645 1597 1720 1632 »CR
1738 1599 1821 1631 item
1839 1596 1922 1631 adu·

1241 1649 1331 1682 lator
1354 1649 1532 1682 Plutarchi
1561 1650 1623 1683 lib.
1649 1649 1691 1683 (le
1718 1650 1921 1685 d'fficrimine

1242 1701 1342 1735 amici
1373 1710 1407 1735 et
1437 1701 1648 1743 adulatoris,
1677 1712 1716 1737 ut
1746 1713 1780 1738 et
1801 1704 1918 1737 Theo-

1241 1755 1374 1800 phrasti
1400 1755 1560 1789 Chai-act.
1588 1768 1633 1788 111
1664 1764 1698 1789 et
1723 1769 1812 1790 verS.
1835 1757 1919 1791 Noli

1241 1808 1345 1840 etiam
1364 1808 1528 1842 omittere
1542 1821 1621 1855 quae
1639 1807 1682 1842 de
1699 1810 1803 1843 simili
1821 1822 1919 1855 argu-

1239 1869 1360 1894 mento
1392 1861 1531 1907 scripsit
1555 1869 1691 1896 nostras
1718 1863 1914 1909 Labra-yere,

1240 1913 1384 1947 ridiculi
1405 1922 1439 1948 et
1455 1927 1598 1948 morum
1617 1922 1688 1949 tam
1709 1915 1850 1950 vividus
1868 1916 1918 1949 in-

1238 1975 1398 2001 sectator.
1416 1968 1482 2001 En.

1294 2019 1327 2053 3.
1349 2019 1480 2054 Gemma
1497 2020 1628 2053 ludere?
1644 2020 1721 2055 Hoc
1740 2029 1791 2055 est
1808 2022 1914 2056 latro-

1239 2072 1346 2105 nibus
1362 2071 1501 2114 ludere,
1519 2082 1558 2107 ut
1577 2073 1674 2107 aiunt
1694 2074 1913 2121 interpretes.

1238 2125 1330 2159 Vide
1344 2126 1481 2159 lib.VII
1493 2150 1502 2166 ‚
1522 2127 1611 2172 epig.
1627 2140 1738 2168 Lxxn,
1751 2129 1790 2169 83
1804 2136 1837 2161 et
1852 2129 1911 2162 lib.

1236 2179 1337 2220 XIV,
1363 2180 1471 2225 epigr.
1495 2192 1546 2213 xx.
1569 2197 1581 2209 u
1604 2179 1860 2215 Insidiosorum
1885 2183 1912 2215 si

1235 2230 1327 2264 ludis
1340 2232 1429 2265 bella
1443 2233 1632 2272 latronum,
1649 2234 1837 2268 Gemmeus
1850 2235 1913 2268 iste

1235 2285 1298 2318 tibi
1323 2285 1440 2326 miles,
1461 2294 1494 2319 et
1513 2286 1620 2319 hostis
1642 2287 1721 2320 erit.
1744 2304 1757 2315 ι»

1289 2343 1323 2378 4.
1339 2338 1411 2371 Una
1433 2341 1556 2371 estsine
1578 2339 1832 2384 me.'I'urpicula
1856 2352 1910 2373 res

1234 2391 1419 2436 quaepiam.

1289 2446 1322 2477 6.
1343 2444 1404 2477 Nil
1418 2444 1511 2484 volo,
1533 2451 1598 2478 etc.
1619 2444 1696 2477 Lib.
1709 2445 1779 2486 VI,
1799 2446 1906 2491 epigr.

1235 2508 1347 2537 Lx1113
1368 2505 1401 2529 et
1415 2496 1588 2537 lih.VIII,
1605 2497 1713 2542 epigr.
1730 2509 1843 2532 xxvn.
1858 2520 1907 2524 -—

1232 2549 1298 2582 Sed
1322 2563 1448 2582 mot-ere.
1472 2549 1520 2582 Ut
1548 2562 1674 2596 nempe
1703 2551 1905 2596 promissam

1234 2602 1317 2635 mihi
1337 2611 1427 2635 tuam
1452 2602 1678 2636 herc-(litatem
1699 2603 1863 2648 accipiam
