1901 3259
319 234 903 279 EPIGRAMMATUM
941 233 1063 275 Llss.
1104 233 1251 275 XIII.

1396 231 1486 277 125

698 385 870 440 LIX.

678 521 909 570 ommis*

149 669 279 711 TOTA
305 666 411 710 mihi
437 666 651 710 dormitur
677 667 838 723 hiems,
869 676 912 710 et
936 668 1140 727 pinguior
1166 666 1238 710 illo

218 739 434 798 Tempore
456 754 550 781 sum
564 773 574 792 ‚
595 755 682 798 quo
705 754 775 781 me
795 737 856 781 nil
880 738 961 782 nisi
983 754 1161 782 somnus
1182 736 1267 781 aliu

150 873 356 930 Χειμῶνος
382 871 450 931 μὲν
477 873 570 914 ὅλου
596 874 783 923 κνώσσω,
806 871 905 915 πίων
931 866 976 914 δὲ
1004 873 1093 914 τότ’
1119 872 1220 931 εἰμὶ,

221 932 424 1000 Οππῆμος
450 935 575 1001 μηδὲν
598 943 702 990 πλήν
730 959 777 1002 με
806 944 854 984 τὸ
880 947 998 1000 κῶμα
1023 944 1169 1003 τρέφει.

135 1060 151 1076 *
165 1065 249 1099 Vid.
268 1065 431 1099 Heinsius
453 1064 496 1098 ad
518 1064 624 1099 Ovid.
653 1066 755 1111 epist.

81 1131 132 1153 ΧΠ
143 1146 152 1161 ,
174 1131 258 1164 170.

132 1194 183 1200 —-
204 1171 324 1206 Glires.
347 1172 466 1206 Genus
485 1179 566 1205 sunt
592 1184 734 1205 murum
747 1199 756 1212 ‚

81 1226 208 1272 quibus
223 1238 242 1258 a
255 1225 418 1270 gliscendo
432 1237 563 1259 nomen
577 1225 643 1259 fuit
658 1237 758 1258 :nam

79 1280 210 1324 gliscere
228 1287 278 1312 est
296 1292 439 1312 crescere.
449 1278 572 1312 Tacite
587 1278 757 1312 nimirum

83 1345 120 1366 ac
141 1332 252 1366 veluti
272 1333 466 1366 nescientes
492 1333 543 1365 illi
573 1341 734 1366 crescunt
748 1358 757 1372 ‚

83 1384 169 1419 dum
195 1385 311 1419 hieme
338 1393 411 1419 tota
433 1385 616 1419 dormiunt
637 1394 671 1419 et
692 1386 758 1419 im-

83 1439 231 1472 mobiles
250 1439 347 1485 quasi
365 1439 497 1473 mortui
513 1441 649 1485 jacent,
671 1447 758 1473 tem-

83 1504 168 1537 pore
179 1492 293 1526 aestivo
310 1492 534 1527 reviviscunt.
550 1493 683 1526 Plinius
698 1493 759 1526 lib.

85 1545 174 1577 VIII
186 1570 196 1587 ,
213 1557 287 1592 cap.
303 1546 346 1579 52
362 1558 370 1578 :
390 1546 658 1591 «GlireS...leges
681 1559 762 1580 cen·

815 1066 914 1099 soriae
931 1067 1167 1112 princepsque
1188 1068 1237 1101 M.
1257 1067 1404 1101 Scaurus
1425 1082 1494 1103 non

816 1119 883 1152 alio
890 1117 996 1152 modo
1007 1120 1114 1153 coenis
1123 1119 1297 1161 ademere,
1305 1134 1408 1167 quam
1419 1135 1484 1156 con

816 1172 933 1218 chylia
958 1182 1019 1206 aut
1042 1186 1084 1206 ex
1107 1173 1175 1206 alio
1201 1174 1287 1207 orbe
1312 1185 1497 1209 convectas

818 1238 915 1267 aves,
936 1234 1001 1260 etc.
1026 1243 1039 1255 »
1061 1226 1177 1260 Habes
1207 1235 1242 1260 et
1268 1228 1330 1260 lib.
1354 1229 1475 1263 XXIX
1490 1256 1497 1269 ‚

819 1292 894 1325 cap.
906 1279 1045 1319 ultimo,
1058 1279 1143 1325 quid
1157 1280 1294 1326 prosint
1303 1283 1482 1316 stomacho
1491 1309 1499 1323 ‚

819 1332 905 1379 quid
937 1341 1100 1367 noceant.
1131 1335 1372 1380 Apponuntur
1403 1336 1496 1382 apud

819 1387 1027 1420 Petronium
1049 1386 1086 1420 in
1111 1387 1357 1422 Trimalcionis
1378 1402 1476 1423 coena
1491 1416 1500 1430 ,

822 1455 834 1467 ¹«
854 1440 956 1473 melle
979 1448 1013 1474 et
1033 1453 1206 1486 papavere
1226 1442 1335 1487 sparsi
1352 1460 1379 1476 n.
1394 1443 1501 1476 Caete-

821 1506 920 1533 rum,
942 1492 986 1526 de
1008 1493 1161 1527 Glirium
1193 1504 1359 1540 apparatu
1394 1495 1498 1537 tradit

824 1546 1041 1592 Apiciuslib.
1060 1547 1169 1587 VIII,
1189 1560 1263 1593 cap.
1284 1562 1317 1592 9.

718 1680 856 1735 LX.

631 1830 949 1858 CUNICULUS.

157 1941 357 1984 GAUDET
386 1939 431 1981 in
457 1938 624 1982 effossis
651 1938 847 1982 habitare
877 1937 1103 1982 cuniculus
1134 1941 1289 1995 antris3

228 2010 494 2053 Monstravit
519 2010 670 2053 tacitas
700 2008 898 2053 hostibus
923 2008 993 2052 ille
1018 2009 1121 2052 vias.

145 2139 177 2159 1.
196 2126 326 2160 Gaudet
344 2127 506 2170 inoffensis
525 2126 666 2160 exhibet
686 2126 760 2160 MS.

88 2179 225 2213 Beverl.

144 2245 176 2265 2.
196 2233 397 2265 Monstravit.
417 2249 430 2262 ιι
447 2231 555 2265 Aliud
574 2244 682 2277 genus
698 2245 763 2278 op-

86 2285 312 2330 pugnationis
322 2293 373 2319 est
383 2285 650 2319 subterraneum
661 2294 764 2332 atque

89 2346 279 2377 secretum,
299 2337 396 2384 quod
414 2338 617 2372 cuniculum
636 2348 766 2373 vocant

89 2388 243 2430 (Gallica
262 2391 381 2437 lingua
397 2394 478 2425 mine
492 2390 529 2424 id
552 2391 730 2434 vocatur.)
747 2405 765 2425 a

88 2443 269 2488 leporibus
283 2467 292 2482 ‚
311 2445 372 2490 qui
392 2457 556 2479 cavernas
576 2446 640 2479 sub
664 2446 764 2479 terris

90 2495 248 2538 fodiunt,
266 2497 384 2542 ibique
402 2497 619 2532 conduntur.
633 2499 762 2544 »Vege-

88 2549 158 2583 tius
173 2550 236 2585 lib.
253 2550 318 2592 lv,
331 2562 404 2596 cap.
428 2556 492 2592 243
510 2551 570 2584 ubi
587 2551 668 2585 vide
687 2565 764 2598 quae

89 2603 225 2636 notavit
261 2602 489 2638 Godescalch.
525 2603 763 2639 Steweichius.

92 2655 146 2688 Cf.
169 2656 252 2690 item
280 2656 389 2697 Livii,
408 2656 587 2696 Frondui,
610 2658 764 2701 Polyaeni

824 2126 918 2160 varia
938 2127 1024 2161 loca.
1048 2126 1180 2160 Omnes
1204 2141 1315 2174 prope
1343 2130 1501 2167 histori'ci

824 2179 1015 2213 meminere
1031 2180 1285 2215 cuniculorum.
1300 2182 1345 2216 Et
1359 2185 1500 2229 quidem

823 2234 960 2266 nullum
989 2233 1117 2267 nostris
1151 2246 1292 2280 quoque
1327 2241 1498 2283 tempori-

823 2287 889 2320 bus
910 2294 1114 2332 stratagema
1135 2288 1316 2330 usitatius;
1335 2298 1370 2324 at
1386 2293 1499 2326 multo

825 2340 929 2373 etiam
948 2340 1138 2373 terribilius
1158 2353 1262 2386 quam
1276 2343 1501 2388 antiquorum

825 2393 955 2426 saeculis
968 2393 1098 2434 fuerat,
1112 2395 1157 2427 ob
1172 2395 1305 2428 nitrum
1318 2405 1351 2430 et
1360 2398 1502 2443 sulphu-

824 2459 899 2479 reas
916 2459 1042 2480 massas
1058 2455 1091 2480 et
1107 2446 1362 2482 flammivomos
1379 2451 1500 2494 globos

823 2499 950 2544 quibus
968 2512 1040 2532 non
1056 2509 1192 2533 tantum
1212 2511 1381 2536 corruunt
1397 2517 1503 2549 expu⁶

823 2561 1008 2598 gnatarum
1031 2553 1174 2586 urbium
1196 2554 1288 2586 muri
1306 2563 1338 2587 et
1359 2555 1499 2595 domus,

825 2604 884 2639 sed
898 2606 935 2638 in
953 2618 1030 2639 aera
1043 2607 1110 2640 late
1128 2607 1288 2640 exsiliunt
1304 2610 1500 2654 praecipitos

827 2667 859 2691 et
882 2658 1015 2702 disjecti
1035 2659 1098 2692 hac
1118 2660 1195 2693 illac
1213 2660 1383 2694 feruntur.
