1901 3259
328 247 907 293 EPIGRAMMATUM
949 245 1071 287 LIB.
1112 242 1250 284 XIV.
1400 253 1498 298 229

673 396 918 453 CXLH,

615 531 976 580 MYRRHINA.*

159 680 204 722 Sl
235 677 420 722 calidum
451 686 599 737 potas,
624 675 792 720 ardenti
822 675 999 736 myrrha
1027 672 1211 717 Falerno

231 749 449 792 Convenit
463 783 474 803 ‚
497 757 539 791 et
560 746 715 790 melior
736 746 786 789 fit
810 762 939 805 sapor
961 744 1060 788 inde
1081 759 1218 786 mero.

162 891 212 933 Εἴ
240 908 283 951 γε
310 891 430 940 θέλεις
461 890 684 949 φλογόεντα
710 894 827 941 πιεῖν,
852 888 995 947 πρέπει
1022 880 1096 932 ἥδε
1126 885 1326 943 Φαλερνὸν

231 962 416 1019 Σμύρνα,
442 959 508 1002 καὶ
535 954 741 1006 ἡδύποτον
763 952 854 1016 τῇδ’
884 958 937 998 ἔνι
969 960 1121 1015 μᾶλλον
1148 955 1264 1012 ἔχεις.

142 1095 156 1108 “
174 1098 320 1132 Murrina
354 1098 558 1131 inscribitur
597 1099 632 1130 iu
676 1111 763 1130 non·
825 1098 892 1130 nia.
924 1097 1118 1129 Humorem
1157 1102 1283 1139 putant
1316 1095 1382 1126 sub
1413 1102 1503 1126 terra

90 1150 211 1191 nullis,
230 1150 325 1196 quod
345 1149 503 1184 defendit
519 1151 658 1184 Salmas.
678 1150 762 1183 Vid.
825 1151 939 1183 calore
962 1149 1112 1182 densari.
1130 1165 1143 1176 »
1162 1148 1251 1180 Fuse
1271 1146 1418 1192 explicat
1437 1147 1505 1178 Ra-

91 1212 162 1238 not.
182 1204 284 1237 infra.
646 1210 650 1213 '
825 1202 930 1236 derus
944 1226 954 1242 ‚
974 1201 1060 1248 quid
1078 1201 1146 1234 sint
1168 1200 1364 1233 mun-hina.
1383 1199 1504 1232 Graece

149 1270 161 1290 1
173 1281 180 1288 .
197 1256 384 1292 Sicalidum
398 1255 599 1301 pot‹1s.Vi‹l.
615 1257 675 1289 lib.
693 1257 743 1288 IX
756 1282 764 1296 ‚
826 1256 979 1301 μοὺῥρινα
1007 1264 1039 1288 et
1081 1255 1213 1300 μύῤῥινα.
1232 1265 1240 1286 ;
1259 1252 1373 1286 Graeci
1407 1253 1502 1284 enim

91 1309 198 1355 epig-r.
226 1321 344 1351 mzxw,
370 1309 432 1342 lib.
459 1310 565 1350 XIII,
585 1310 695 1354 epigr.
720 1322 764 1350 x3
826 1321 917 1354 saepe
952 1322 970 1341 u
1006 1308 1170 1341 Latinum
1199 1305 1424 1351 diphthongo
1449 1318 1502 1343 ou,

91 1371 144 1404 et,
163 1362 295 1395 Plinius
312 1362 373 1395 lib.
396 1363 595 1401 XXXVII,
619 1374 696 1407 cap.
720 1375 736 1394 2
755 1374 762 1394 :
825 1363 880 1395 vel
910 1361 1018 1395 vocali
1048 1376 1061 1394 ο
1078 1388 1087 1402 ,
1116 1359 1170 1393 vel
1203 1373 1238 1401 υ,
1259 1359 1412 1392 efferunt
1430 1385 1439 1399 ‚
1467 1367 1504 1390 ut

96 1434 108 1444 κ
132 1415 259 1449 Oriens
293 1415 475 1449 murrhina
505 1415 611 1448 mittit
631 1427 638 1448 :
670 1416 766 1448 inve·
826 1417 1038 1453 Λούκουλλος,
1060 1415 1224 1454 Πόπλιος,
1244 1414 1374 1450 Τύλλος·
1396 1411 1505 1443 Pleri-

91 1468 237 1501 niuntur
253 1468 345 1501 enim
366 1469 413 1501 ibi
431 1469 467 1501 iu
488 1468 647 1514 pluribus
659 1468 745 1501 locis
758 1494 766 1509 ‚
826 1480 893 1513 que
915 1468 1036 1513 legunt
1051 1467 1209 1514 myrrhina
1226 1473 1371 1511 propter
1387 1462 1504 1497 0.Vid.

91 1534 154 1553 uec
199 1521 395 1567 insignibus
432 1521 581 1554 maxime
615 1521 767 1554 Parthici
828 1521 887 1554 lib.
912 1521 986 1560 ΠΙ,
1007 1520 1113 1565 epigr.
1135 1530 1236 1552 xxVI.

92 1574 191 1619 regni
211 1586 217 1607 :
236 1574 412 1620 praecipue
432 1583 548 1608 tamen
569 1575 603 1607 in
630 1575 769 1608 Carma-
885 1588 916 1606 2.
943 1574 998 1606 Fit
1020 1585 1128 1618 marg.
1152 1572 1206 1605 ed.
1229 1571 1361 1615 Langii.

679 1711 920 1767 CXIV.

519 1868 774 1896 PATELLA
822 1866 1075 1895 CUMANA.

164 1995 298 2037 HANG
327 1993 403 2036 tibi
424 1994 624 2037 Cumano
648 1991 935 2035 rubicundam
965 1990 1144 2050 pulvere
1168 1998 1321 2032 testam
1339 2023 1347 2039 ‚

233 2064 502 2124 Municipem
535 2064 650 2106 misit
675 2071 793 2106 easta
818 2060 978 2121 Sibylla
1004 2077 1138 2104 suam.

164 2205 231 2247 Σοὶ
253 2198 403 2246 λοπάδ’
431 2206 473 2246 ἐκ
495 2208 624 2250 πηλοῦ
653 2204 806 2249 ταύτην
834 2201 1021 2260 Κύμηθεν
1051 2201 1233 2262 ἐρυθροῦ,

233 2277 408 2332 Δημότιν
436 2270 476 2323 ἐξ
506 2268 609 2324 ἰδίης
631 2272 764 2332 πέμψε
792 2269 968 2314 Σίὲυλλα
993 2272 1166 2330 πάτρης.

154 2424 183 2444 1.
206 2411 288 2444 Haec
309 2411 519 2444 Beverland.
547 2411 620 2444 MS.
652 2409 771 2443 Cama·
831 2422 994 2454 quoque,
1018 2417 1056 2442 ut
1084 2408 1257 2453 Rhegium
1284 2416 1316 2439 et
1341 2408 1469 2439 Cumae.
1489 2423 1501 2433 υ

99 2478 147 2496 nse
177 2464 348 2496 rubicunda
375 2462 479 2496 idem.
514 2465 614 2496 Testae
644 2462 692 2496 id.
722 2484 771 2488 ——-
888 2475 918 2494 2.
942 2463 1010 2494 Pro
1030 2460 1230 2494 cusmidem
1251 2459 1509 2492 charnu—Mu-

99 2518 194 2548 Hcmc
234 2517 290 2549 tibi
324 2515 477 2549 Cumano.
519 2515 676 2557 Plinius,
711 2516 772 2548 lib.
833 2518 973 2559 nicipem.
1004 2514 1079 2546 Hoc
1113 2522 1180 2554 est,
1214 2514 1336 2546 factam
1368 2511 1509 2551 Cumis,

100 2570 249 2608 XXXV,
272 2581 347 2614 cap.
381 2580 420 2601 12
452 2581 458 2601 :
492 2586 504 2598 «
534 2568 773 2601 Nobilitantur
833 2567 940 2601 hodie
964 2568 1063 2600 Cuma
1088 2580 1099 2599 :
1124 2567 1182 2599 ubi
1203 2574 1275 2598 erat
1296 2564 1425 2609 Sibylla
1442 2590 1449 2605 ,
1467 2563 1510 2595 (le

99 2623 138 2654 iis
173 2640 202 2663 n,
234 2622 396 2655 fictilibus
430 2634 577 2666 nempe,
613 2639 624 2649 κ
645 2620 772 2666 oppida
836 2634 900 2665 qua
918 2620 1068 2653 diximus
1086 2619 1143 2651 lib.
1163 2619 1212 2650 IX
1226 2644 1233 2652 ,
1251 2619 1361 2662 epigr.
1379 2630 1459 2656 xxx,
1478 2618 1510 2648 3.

1248 2737 1299 2761 5⁴

1218 2759 1268 2780 2«)
