2044 3292
913 220 974 262 M.
998 221 1138 263 VAL.
1179 221 1569 265 MARTIALIS

1040 372 1438 428 LXXXVII.

902 521 959 549 IN
998 521 1111 550 NON
1151 503 1579 551 ARR1GENTEMf

603 646 839 689 TRlGlN‘rA
868 643 946 687 tibi
969 653 1070 687 sunt
1094 645 1243 705 pueri,
1267 644 1534 705 totidemque
1560 644 1737 706 puellae3

672 716 774 759 Una
804 724 892 769 est,
917 730 998 759 nec
1024 715 1164 775 surgit
1187 713 1382 759 mentula
1404 732 1412 758 ε
1435 715 1539 776 quid
1563 715 1720 760 facies?

602 849 615 863 '¹
644 854 747 887 Nulla
775 853 811 886 in
841 853 949 899 hujus
980 853 1211 900 epigramma-

535 908 578 941 tis
597 907 771 953 scriptura
792 905 990 940 exhibenda
1008 907 1156 941 varietas
1175 907 1210 940 in

534 960 632 994 MSS.
652 960 749 993 nulla
771 959 807 992 in
829 958 912 993 edd.

592 1026 622 1047 1.
650 1014 798 1058 Triginta
815 1040 823 1053 ,
847 1021 914 1047 etc.
941 1012 1020 1046 Mos
1042 1012 1135 1045 enim
1157 1011 1211 1045 di-

534 1066 686 1100 tioribus
710 1065 919 1112 quibusdam
950 1074 1036 1099 tunc
1067 1065 1133 1099 fuit
1155 1078 1212 1111 γυ-

531 1122 667 1153 ναικεῖον
682 1118 859 1165 quoddam
870 1145 879 1160 ‚
892 1127 931 1153 ut
945 1119 1118 1164 privatum
1134 1132 1213 1163 περ·

532 1171 736 1214 νοῧοσκεῖον,
754 1181 786 1206 et
806 1171 902 1218 quod
927 1172 1138 1205 recentiores
1158 1185 1213 1204 nos

533 1226 640 1267 sdrail,
662 1226 779 1269 liat-em,
795 1226 1002 1267 vocitamus,
1020 1225 1150 1257 habere
1168 1223 1212 1258 ad

534 1279 728 1325 voluptates
750 1291 845 1319 suas,
868 1290 1066 1324 quanquam
1091 1289 1214 1310 nume-

534 1332 683 1366 rosiores
704 1332 752 1365 ibi
784 1332 899 1364 forent
934 1339 994 1364 aut
1024 1331 1125 1376 pueri
1158 1340 1216 1363 aut

535 1385 659 1430 puellae
677 1397 779 1430 quain
802 1385 966 1417 omnibus
981 1384 1045 1429 ipsi
1063 1384 1217 1428 potiren-

1273 862 1346 888 tur.
1370 854 1415 887 Et
1436 853 1473 887 id
1492 861 1532 887 ut
1554 847 1726 889 Martialis
1751 854 1862 895 ridet,
1883 868 1947 902 pu·

1273 906 1351 940 dice
1369 915 1485 940 tamen
1508 908 1616 952 magis
1642 916 1675 941 et
1696 908 1855 943 theatrali
1878 917 1949 942 tan·

1273 968 1347 993 tum
1371 960 1618 1001 semilascivia‚
1636 961 1779 995 Nostras
1805 960 1948 1007 quidam

1272 1012 1308 1045 in
1339 1012 1522 1046 notissimo
1548 1012 1725 1056 dramate,
1753 1015 1949 1048 Turcarum

1273 1066 1521 1111 imperatorem
1560 1065 1728 1100 inducens
1768 1075 1803 1100 et
1845 1079 1949 1112 quam

1273 1128 1364 1153 amat
1385 1120 1535 1164 puellam
1550 1145 1558 1160 ‚
1581 1120 1629 1153 sic
1651 1120 1913 1165 colloquentes:

1276 1176 1428 1202 ..m-..vous
1438 1184 1510 1200 savcz
1521 1185 1570 1209 quc
1581 1175 1624 1209 j’ai
1636 1177 1695 1208 cinq
1709 1183 1778 1201 cents
1791 1177 1907 1201 femmas.
1918 1191 1952 1196 —

1345 1212 1416 1245 Cinq
1432 1211 1517 1236 cents!

1274 1246 1357 1276 ⁴Mais,
1370 1253 1441 1271 entre
1459 1256 1553 1271 nous...
1571 1248 1630 1280 cinq
1647 1246 1727 1272 cents!
1745 1247 1797 1272 cela
1814 1248 1951 1272 m'e'tonnc.

1442 1288 1558 1317 hun„
1573 1289 1616 1312 Les
1632 1288 1688 1312 trois
1700 1287 1820 1317 saltarios,
1838 1290 1898 1313 Acte
1916 1288 1951 1312 Η.

1333 1343 1365 1363 2.
1386 1330 1476 1374 Quid
1482 1330 1598 1373 facies.
1612 1330 1718 1372 Quasi
1733 1328 1825 1364 dicat
1845 1343 1854 1363 z
1872 1330 1953 1364 Lin-

1276 1396 1343 1428 ges.
1366 1383 1444 1416 Lib.
1467 1383 1537 1424 XI,
1555 1383 1663 1428 epigr.
1682 1396 1757 1416 xxv.

1016 1518 1469 1574 LXXXVIII.

1108 1669 1165 1695 niz
1189 1646 1375 1696 corn-'⁴

679 1794 755 1834 Bis
781 1792 911 1833 Cotta
936 1788 1073 1833 soleas
1101 1787 1337 1848 perdidisse
1360 1803 1404 1830 se
1430 1797 1632 1847 questus,

677 1863 795 1905 Dum
825 1859 1115 1921 negligentem
1137 1858 1257 1902 ducit
1277 1857 1331 1900 ad
1357 1857 1488 1918 pedes
1510 1874 1687 1901 vernam
1702 1894 1712 1910 ‚

680 1933 769 1988 Qui
793 1930 910 1974 solus
935 1931 1053 1990 inopi
1083 1938 1281 1990 praestat,
1306 1938 1349 1972 et
1376 1928 1478 1972 facit
1504 1928 1700 1983 tu1·bain;

678 2002 953 2062 Excogitavit
979 2001 1113 2044 homo
1141 2015 1294 2059 sagax,
1316 2009 1359 2042 et
1382 2007 1574 2053 astutus,

677 2074 744 2116 Ne
771 2072 913 2116 facere
939 2080 1084 2132 posset
1111 2069 1195 2113 tale
1223 2071 1376 2130 saepius
1402 2069 1637 2122 da1nnu1n3

678 2142 962 2187 Excalceatus
988 2143 1048 2184 irc
1071 2142 1202 2200 coepit
1226 2140 1280 2183 ad
1303 2156 1484 2184 coenam.

591 2270 605 2284 ⁴¹
616 2273 746 2308 Irridet
765 2273 1015 2307 dissimulantis
1031 2272 1144 2306 Cottae
1159 2284 1217 2306 ex-

539 2337 687 2362 tremam
712 2327 879 2372 inopiam.

596 2394 629 2414 a.
646 2381 746 2413 Ducit
762 2380 808 2412 ad
815 2380 921 2425 pedes.
941 2378 1068 2412 Servus
1086 2391 1104 2412 a
1121 2377 1219 2424 pedi-

540 2435 605 2466 bus
623 2434 650 2467 is
668 2431 870 2473 dicebatur,
891 2432 950 2478 qui
971 2431 1014 2465 ad
1033 2431 1139 2477 pedes
1159 2430 1219 2464 do-

541 2487 627 2519 inini
645 2486 884 2520 accumbentis
897 2486 1028 2526 stabat,
1045 2492 1079 2517 et
1095 2485 1218 2523 soleas,

540 2552 624 2585 quas
651 2539 814 2573 dominus
846 2545 1004 2572 exsuerat
1020 2532 1123 2580 (nam
1144 2538 1218 2571 sine

541 2593 780 2626 calceamentis
791 2600 923 2626 veteres
936 2585 1218 2633 accumbebant),

541 2645 718 2679 custodire
740 2645 883 2678 solebat.

1334 2272 1366 2306 3.
1396 2274 1464 2317 Qui
1487 2272 1584 2312 solus,
1614 2280 1681 2305 etc.
1710 2272 1780 2313 Qui
1808 2274 1954 2319 paupe—ri

1278 2326 1390 2359 Cottae
1406 2325 1530 2358 unicus
1546 2333 1597 2358 est
1612 2337 1731 2358 servus
1746 2333 1779 2358 et
1798 2338 1863 2370 pro
1880 2334 1953 2359 toto

1279 2379 1464 2418 comitatu,
1483 2390 1548 2424 pro
1571 2378 1671 2411 turha
1689 2390 1765 2423 quae
1784 2378 1952 2412 illustrem

1279 2431 1394 2464 virum
1404 2431 1572 2476 sequitur.
1588 2431 1675 2463 Nam
1689 2443 1832 2477 magnus
1846 2433 1954 2464 comi-

1279 2492 1370 2517 tatus
1387 2484 1553 2517 clientum
1568 2492 1736 2528 patronos
1748 2483 1953 2518 deducebat.

1334 2540 1366 2570 6.
1378 2537 1602 2569 Excalceatus.
1615 2537 1688 2571 Hac
1705 2537 1854 2577 clausula
1869 2537 1952 2570 Cot—

1279 2598 1319 2623 tae
1341 2598 1530 2623 extremam
1555 2589 1708 2635 inopiam
1741 2590 1788 2624 sic
1815 2588 1953 2622 deridet

1279 2643 1450 2687 malignus
1472 2643 1587 2676 Poeta.
