1901 3259
333 224 928 269 EPIGRAMMATUM
966 227 1091 269 LIB.
1130 228 1248 271 XII.

1430 229 1458 273 (ἰ
1469 228 1492 274 5

689 360 898 416 LXX.

628 509 695 537 DE
749 490 943 538 Almo*

155 617 334 659 Lmrffl
360 615 492 658 ferret
518 618 637 676 Apro
663 617 804 659 vatius
836 632 971 676 quum
1001 616 1179 660 vernula
1211 634 1372 678 nuper,

223 687 279 729 Et
309 702 439 746 supra
465 685 658 746 togulam
690 685 807 730 lusca
834 686 1003 730 sederet
1029 703 1161 741 anus,

151 758 294 816 Atque
324 755 405 799 olei
432 755 586 799 stillam
616 756 740 799 daret
768 756 1080 801 enterocelicus
1104 767 1285 813 unctor,

223 826 427 870 Udorum
458 827 636 870 tetricus
667 843 822 870 censor
845 836 888 870 et
916 843 1043 888 asper
1073 837 1176 871 erat.

153 896 430 957 Frangendos
454 895 630 951 calices,
653 896 1055 958 effundendumque
1078 897 1308 941 Falernum
1481 921 1494 943 5

137 1022 167 1042 1.
194 1011 323 1043 Vacuus
347 1009 428 1043 edd.
453 1019 536 1043 vett.
566 1018 598 1042 et
626 1010 756 1056 Delph.

79 1071 112 1096 et
132 1062 244 1096 Maitt.
267 1063 379 1096 Vanus
403 1063 478 1095 MS.
508 1063 544 1095 in
564 1074 672 1108 marg.
701 1062 755 1096 ed.

77 1115 156 1149 Par.
182 1118 288 1160 1617.
311 1137 362 1142 —-
385 1116 498 1148 Lintea
518 1117 623 1157 ferret
650 1120 753 1161 Apro.

77 1169 199 1202 Lintea
227 1169 352 1215 quibus
380 1169 475 1214 Aper
503 1168 594 1202 lotus
624 1169 754 1203 abster-

75 1230 226 1266 geretur.
249 1222 438 1266 Postquam
454 1221 548 1254 enim
568 1222 604 1254 in
622 1222 754 1256 balneis

76 1274 249 1317 laverant,
277 1275 355 1308 oleo
380 1286 452 1308 sese
471 1273 754 1320 perfundebant,

77 1336 110 1361 et
129 1327 342 1373 quandoque
364 1336 543 1372 unguento
564 1328 752 1369 beatiores,

75 1392 113 1413 ac
135 1380 253 1414 linteis
273 1390 394 1426 postea
415 1381 652 1426 tergebantur,
674 1393 752 1426 quae

74 1431 182 1466 domo
193 1434 258 1467 sibi
269 1432 444 1467 afferenda
456 1434 636 1467 curabant.
648 1435 739 1478 Apul

74 1486 218 1520 Metam.
238 1487 301 1519 lib.
323 1488 350 1519 Ι.
373 1486 441 1520 Sed
467 1486 638 1519 beatiores
663 1485 750 1519 deli-

74 1539 289 1585 catioresque
324 1552 363 1573 ac
401 1538 578 1572 molliores
611 1539 751 1573 mollius

74 1593 307 1637 tergebantur.
343 1592 529 1625 Petronius
553 1604 560 1624 :
598 1593 751 1638 «Itaque

73 1644 278 1680 intravimus
290 1645 457 1678 balneum
469 1671 478 1686 ‚
499 1653 534 1677 et
548 1643 676 1678 sudore
695 1658 750 1678 ca·-

72 1698 205 1739 lefacti,
229 1706 408 1731 momento
431 1698 598 1743 temporis
618 1696 661 1731 ad
688 1698 749 1731 sri-

73 1749 187 1795 gidam
201 1751 345 1784 eximus.
360 1751 437 1783 Jam
448 1750 665 1784 Trimalchio
682 1763 748 1783 un-

73 1812 201 1848 guento
231 1804 395 1849 perfusus
424 1811 518 1847 terge
540 1803 655 1843 batur,
675 1815 746 1835 non

71 1855 200 1898 linteis,
209 1855 270 1890 sed
281 1856 393 1901 palliis
405 1867 445 1888 ex
461 1855 661 1888 mollissima
672 1854 749 1888 lana

72 1908 181 1942 factis.
203 1927 216 1939 ι»
240 1908 382 1941 Herald.
401 1929 451 1933 —
477 1908 604 1941 Vatius.
625 1907 748 1941 vatius

71 1961 129 1994 ille
147 1961 277 1996 dicitur
299 1962 360 2007 qui
381 1959 489 2005 pedes
501 1969 676 1993 extrorsus
694 1959 748 1993 di-

71 2022 198 2048 stortos
224 2015 347 2055 hahet,
371 2012 459 2046 dum
483 2026 581 2045 varus
608 2022 658 2046 est
687 2013 747 2058 qui

69 2066 240 2101 introrsus
259 2066 414 2100 distortis
427 2075 477 2099 est
491 2065 662 2099 cruribus.
677 2066 743 2099 En.

125 2132 158 2153 2.
173 2121 222 2153 Et
233 2133 328 2165 supra
343 2119 495 2163 togulam.
510 2118 563 2150 Ne
577 2117 746 2151 subduce-

69 2182 178 2215 retur,
196 2185 261 2206 nec
281 2172 374 2206 enim
390 2171 540 2205 habebat
555 2183 672 2205 servos
682 2172 744 2217 qui

69 2225 162 2260 illam
175 2224 407 2259 custodirent.

125 2280 156 2312 3.
195 2279 339 2312 Donaret
373 2278 520 2322 Opelicus
549 2276 630 2310 edd.
659 2285 741 2310 vett.

75 2332 107 2364 T
104 2339 201 2364 erere!
235 2332 421 2377 Emporicus
450 2330 525 2364 MS.
563 2330 598 2362 in
633 2342 739 2375 marg.

70 2382 153 2417 edit.
170 2385 247 2417 Par.
258 2399 268 2417 ι
278 2387 298 2418 6
308 2396 321 2416 1
331 2396 350 2429 7
363 2397 371 2425 ;
386 2381 482 2429 quod
495 2383 584 2416 forte
599 2383 642 2416 ab
655 2383 739 2416 Etn-

70 2437 178 2481 poriis
191 2463 200 2478 ,
222 2436 355 2482 oppido
372 2436 643 2470 Tarraconensis
659 2436 740 2469 His-

67 2489 200 2535 paniae,
223 2498 404 2530 exortum,
427 2497 574 2523 notante
590 2488 639 2521 ihi
663 2489 739 2522 viro

69 2541 183 2576 docto.
200 2543 370 2588 —Atque
385 2542 454 2574 olei.
473 2542 591 2583 Quum
611 2542 646 2574 in
666 2542 739 2574 bal-

69 2595 143 2629 neis
162 2596 546 2641 ungerenturVeteres,
564 2603 634 2628 tam
652 2607 739 2640 pau-

69 2660 131 2693 per
150 2656 224 2681 erat
244 2648 349 2692 Aper,
369 2655 407 2681 ut
428 2660 491 2680 nec
513 2647 592 2681 satis
610 2647 679 2680 olei
697 2647 741 2681 ad

140 2722 226 2762 III.

818 1011 906 1042 bene
925 1010 1128 1056 ungendum
1145 1023 1273 1057 corpus
1294 1025 1407 1046 emere
1419 1026 1497 1059 pos-

817 1071 878 1095 set.
890 1084 941 1089 —-
950 1064 1187 1096 Enterocelicus
1198 1078 1211 1103 ,·
1226 1065 1286 1110 qui
1300 1067 1495 1100 enterocela

816 1115 949 1149 laborat
965 1127 972 1148 :
990 1117 1185 1150 enterocele
1206 1126 1321 1150 autem
1340 1117 1471 1152 dicitur
1485 1146 1495 1160 ‚

816 1180 925 1214 quum
947 1169 1153 1202 intestinum
1173 1181 1301 1203 caecum
1323 1164 1494 1216 (ἔντερεν)

816 1221 983 1255 dilatatur
1003 1222 1040 1254 ion
1062 1231 1236 1263 scrotu1n3
1257 1224 1491 1268 epiploocele‚

816 1287 924 1320 quum
942 1283 1121 1308 omentum
1134 1288 1143 1317 3
1159 1275 1352 1322 hydrocele
1365 1302 1373 1319 ,
1385 1289 1493 1322 quum

814 1327 856 1362 ist
874 1328 1021 1361 alterum
1044 1341 1062 1361 e
1084 1329 1231 1361 testibus
1257 1328 1385 1362 humor
1407 1342 1494 1363 con-

814 1379 892 1413 fluit
907 1392 914 1412 :
929 1393 1051 1414 omnes
1072 1381 1133 1414 has
1151 1382 1280 1426 species
1298 1382 1414 1415 Latini
1433 1395 1494 1416 vo-

813 1434 937 1467 cabant
954 1434 1101 1467 Hernias
1114 1460 1122 1475 ,
1138 1442 1177 1467 ut
1197 1433 1311 1479 inquit
1325 1435 1414 1469 Cels.
1428 1435 1490 1469 lib.

813 1487 884 1519 VII
900 1511 909 1525 2
926 1500 998 1533 cap.
1024 1489 1080 1522 18.
1097 1488 1163 1520 ΕΙ).
1320 1481 1323 1482 ⁷

867 1544 899 1580 4.
924 1539 1090 1572 Nudorum
1116 1538 1195 1572 edd.
1221 1547 1305 1572 vett.
1329 1548 1363 1572 et
1387 1540 1488 1573 Barb.

812 1592 920 1633 Quod
942 1605 1080 1626 sensum
1101 1601 1221 1637 aptum
1246 1592 1391 1625 minime
1413 1594 1489 1626 effi-

811 1645 889 1678 ciet.
911 1645 975 1678 Hic
995 1646 1087 1678 enim
1108 1644 1191 1690 quid
1215 1644 1257 1677 ad
1283 1657 1374 1687 rem,
1393 1645 1488 1691 quod

811 1705 886 1730 toto
917 1711 1065 1743 corpore
1086 1698 1173 1730 nudi
1201 1698 1358 1731 lavarent
1385 1699 1488 1731 Anti-

811 1750 897 1794 qui?
913 1751 1052 1795 Legunt
1071 1763 1152 1794 ergo
1172 1750 1295 1783 melius
1317 1750 1372 1783 alii
1400 1751 1488 1783 Udo-

811 1816 898 1842 rum,
921 1804 1004 1835 vino
1028 1803 1158 1836 scilicet
1185 1801 1419 1836 madidorum.
1438 1825 1487 1829 —

815 1855 953 1887 [dorum
982 1857 1127 1895 tetricus,
1152 1863 1218 1889 etc.
1246 1856 1340 1901 Aper
1368 1856 1485 1889 lavan-

809 1907 897 1940 tium
929 1908 1049 1941 luxum
1078 1908 1136 1953 qui
1163 1908 1198 1940 in
1229 1908 1359 1942 balneis
1383 1918 1485 1954 pota-

808 1960 913 2000 bant,
942 1973 1061 2006 aspere
1091 1960 1390 2005 reprehendebat;
1416 1963 1484 1995 cla-

808 2013 934 2046 mitans
955 2025 1083 2059 nempe
1105 2012 1315 2058 frangendos
1343 2015 1487 2056 calices,

807 2064 844 2098 id
873 2074 942 2105 est,
966 2079 1036 2099 non
1069 2065 1301 2099 admittendas
1330 2068 1482 2113 potatio-

805 2131 875 2152 nes.
898 2119 1012 2160 Quam
1035 2119 1163 2152 multos
1188 2119 1281 2152 enim
1305 2119 1404 2153 istius
1428 2133 1483 2166 ge-

804 2171 898 2204 neris
927 2172 1085 2205 invenias
1117 2172 1278 2206 homines
1291 2196 1299 2206 .
1332 2173 1482 2207 Catones

803 2225 918 2258 saeculi
941 2225 992 2258 sui
1003 2250 1013 2266 ‚
1030 2225 1196 2258 virtutem
1214 2224 1411 2269 laudantes,
1428 2227 1480 2259 vi-

804 2277 860 2310 tiis
878 2277 1066 2311 irascentes
1080 2304 1089 2319 ‚
1108 2276 1168 2310 sed
1183 2277 1243 2323 qui
1268 2295 1281 2307 κ
1302 2277 1479 2312 detestan-

803 2338 859 2363 tur
875 2330 949 2364 haec
965 2331 1000 2364 in
1021 2330 1195 2372 felicibus,
1212 2330 1348 2370 eadem,
1368 2331 1395 2364 si
1414 2343 1478 2376 po-

802 2384 956 2425 tuerint,
970 2383 1122 2417 facturi»
1143 2380 1243 2422 (Sen.
1264 2385 1383 2417 Benef.
1403 2384 1424 2416 l.
1442 2386 1478 2425 Ι,

801 2448 877 2480 cap.
901 2449 921 2480 9
933 2431 960 2480 ),
976 2454 990 2466 α
1003 2444 1037 2470 et
1055 2436 1105 2470 sic
1123 2436 1271 2469 aliorum
1293 2436 1386 2470 vitiis
1407 2436 1477 2470 ira-

801 2497 958 2531 scuntur,
981 2489 1080 2535 quasi
1100 2487 1289 2522 invideant.
1307 2506 1321 2518 n
1343 2489 1434 2522 Ptin.
1451 2490 1475 2522 l.

802 2541 909 2584 VIII,
926 2542 1036 2588 Epist.
1062 2555 1121 2575 22.
1138 2562 1189 2568 ·—-
1208 2542 1277 2574 Pro
1292 2544 1347 2587 qui
1360 2542 1450 2574 modo
1463 2568 1471 2581 ,

802 2595 889 2628 forte
902 2596 968 2640 leg.
987 2598 1014 2628 .ςὶ
1035 2595 1151 2627 modo:
1173 2602 1251 2635 aut,
1268 2594 1354 2639 quod
1371 2594 1474 2626 modo,

856 2648 890 2682 5.
918 2648 1139 2693 Frangendos·
1175 2647 1354 2680 Clamabat
1379 2649 1475 2691 Aper

1205 2716 1231 2763 5
