2044 3292
521 240 607 267 122

898 225 958 266 M.
989 226 1062 266 VA
1080 225 1128 266 L.
1169 225 1553 269 MARTIALIS

1133 375 1290 430 LIV.

1102 510 1327 559 mmmm*

573 654 855 696 CERRETANA
891 652 997 695 mihi
1028 652 1124 708 siet,
1142 652 1210 697 vel
1240 655 1367 698 missa
1394 653 1538 699 licebit

645 723 711 765 De
737 723 936 783 Menapis
962 740 970 766 :
998 722 1103 767 lauti
1129 723 1182 767 de
1208 734 1415 785 petasone
1440 735 1606 769 vorent.

557 855 570 867 '¹
585 860 845 905 Transposuere
870 860 937 894 hoc
968 861 1177 906 epigramma

502 921 535 945 et
559 924 706 958 sequens
732 912 890 946 Raderus
918 922 952 947 et
980 913 1060 947 edd.
1094 922 1177 948 vett.

506 966 635 999 multae.

562 1031 592 1052 1.
612 1019 722 1051 Massa
742 1032 808 1065 pro
837 1023 930 1053 missa
948 1020 1078 1054 habent
1096 1020 1178 1054 edd.

504 1079 587 1105 vett.
609 1080 643 1105 et
664 1072 778 1106 Maitt.
802 1081 836 1106 et
856 1073 1058 1107 Farnah.—
1069 1073 1180 1107 Cerre-

504 1133 590 1158 tana.
603 1125 740 1159 Dicitur
756 1139 774 1159 a
787 1126 891 1159 Poeta
902 1139 1010 1172 perna
1026 1127 1126 1161 allata
1139 1140 1180 1161 ex

505 1178 705 1212 Cerretanis
750 1179 925 1225 Hispaniae
965 1180 1104 1226 populis
1137 1180 1179 1214 ad

505 1240 641 1265 montes
672 1232 868 1277 Pyrenaeos.
904 1233 1090 1267 Athenaeus
1118 1234 1178 1268 lib.

505 1285 591 1317 XIV
614 1297 622 1317 :
644 1300 656 1311 τι
676 1285 859 1319 Convalles
875 1287 1047 1319 montium
1061 1313 1069 1328 ,
1092 1304 1105 1316 »
1130 1287 1180 1320 in-

505 1337 596 1382 quit,
618 1356 632 1368 ι
647 1346 770 1372 tenent
796 1339 976 1374 Cerretani
995 1366 1004 1381 ,
1030 1340 1180 1374 maxima

504 1390 738 1436 Hispanorum
762 1393 880 1435 natio,
900 1392 993 1438 apud
1015 1405 1101 1438 quos
1128 1406 1182 1426 ex-

504 1444 666 1478 cellentes
693 1457 811 1490 pernae
832 1446 1082 1488 conficiuntur,
1104 1459 1180 1491 quae

504 1497 557 1529 vel
579 1510 658 1530 cum
681 1498 897 1532 Cantabricis
917 1498 960 1533 de
978 1499 1179 1545 principatu

503 1550 755 1585 contendunt.»
780 1552 966 1586 Turnebus
987 1552 1046 1586 lib.
1070 1553 1155 1585 XVI
1171 1579 1180 1594 ‚

1238 875 1314 908 cap.
1330 862 1391 903 18,
1412 861 1456 896 de
1472 863 1539 896 hoc
1554 863 1803 908 epigrammate
1816 872 1850 898 et
1864 876 1916 897 se-

1238 916 1358 961 quenti
1373 927 1403 948 :=‹
1415 916 1489 961 Ego
1506 924 1625 962 putem
1637 942 1646 958 ,
1671 916 1786 962 inquit
1797 943 1806 958 ,
1822 925 1916 962 peta-

1239 969 1333 1002 sonis
1360 977 1496 1014 partem
1527 982 1673 1015 pernam
1695 970 1836 1011 vocari;
1862 970 1917 1003 vel

1238 1021 1409 1055 Athenaeo
1423 1030 1581 1064 auctore,
1600 1023 1701 1067 cujus
1721 1022 1795 1056 haec
1810 1022 1918 1056 verba

1239 1083 1320 1108 sunt
1348 1075 1411 1108 lib.
1439 1075 1525 1108 XIV
1544 1088 1552 1107 :
1570 1068 1651 1109 Emi
1668 1072 1706 1108 δὲ
1725 1079 1916 1114 πετασῶνος

1240 1129 1332 1173 μέρος
1359 1128 1487 1173 ἑκάστῳ
1514 1131 1636 1169 κεῖται,
1657 1130 1693 1165 ἦν
1716 1130 1834 1173 πέρναν
1854 1141 1916 1161 κα-

1237 1185 1339 1214 λοῦσι.
1354 1198 1367 1209 ›-
1384 1181 1435 1214 De
1455 1189 1618 1226 petasone
1637 1193 1720 1214 vero
1736 1179 1806 1214 vid.
1825 1179 1918 1214 dicta

1240 1234 1328 1267 infra
1341 1232 1385 1266 ad
1399 1234 1603 1279 proximum
1620 1235 1730 1280 epigr.
1750 1245 1808 1267 ιν.
1829 1233 1918 1267 Scri-

1239 1288 1328 1319 bunt
1345 1287 1402 1319 alii
1423 1286 1604 1326 Coeretarza,
1629 1299 1647 1320 a
1670 1288 1766 1321 Caere
1783 1285 1917 1332 oppido

1240 1340 1413 1373 Hetruriae
1426 1352 1434 1373 :
1449 1339 1545 1386 quod
1567 1340 1682 1374 minus
1701 1340 1824 1384 placet.

1297 1406 1329 1426 2.
1349 1393 1398 1425 De
1419 1393 1576 1437 Menapis.
1601 1393 1674 1434 Qui
1694 1393 1826 1426 Mosam
1848 1392 1916 1425 flu-

1240 1446 1335 1479 vium
1367 1446 1576 1480 incolebant.
1601 1445 1716 1479 Hodie
1743 1453 1916 1479 vocantur

1241 1498 1476 1533 Gueldrenses
1487 1524 1495 1535 ‚
1513 1500 1533 1532 J
1538 1499 1725 1533 uliaeenses
1739 1524 1748 1540 ‚
1765 1498 1825 1532 ubi
1841 1510 1919 1543 per-

1240 1564 1292 1586 nae
1306 1553 1456 1586 multum
1469 1553 1574 1586 etiam
1590 1565 1684 1586 nunc
1698 1550 1896 1586 laudantur.

1150 1690 1269 1746 LV.

1082 1848 1300 1877 PETAso.
1323 1828 1340 1846 *

572 1974 793 2016 MusTEns
824 1982 889 2016 est
915 1990 923 2015 :
953 1989 1164 2033 propera,
1188 1989 1313 2017 caros
1343 1990 1422 2017 nec
1451 1974 1580 2018 differ
1611 1976 1797 2029 amicos3

640 2044 754 2087 Nam
784 2043 892 2087 mihi
922 2060 1023 2086 cum
1053 2043 1201 2088 vetulo
1233 2045 1286 2088 sit
1315 2054 1522 2104 petasone
1551 2044 1669 2088 nihil.

556 2177 570 2191 *
596 2185 646 2216 De
665 2181 788 2216 ordine
811 2190 844 2215 et
867 2183 945 2215 loco
973 2182 1081 2227 hujus
1106 2182 1178 2227 epi-

503 2236 700 2281 grammatis
727 2244 762 2269 et
782 2235 876 2270 illius
898 2234 994 2281 quod
1012 2234 1178 2281 praecedit

504 2288 583 2322 vide
605 2288 710 2322 modo
732 2297 849 2322 notata
869 2287 912 2322 ad
934 2288 1043 2334 epigr.
1064 2301 1136 2321 L1v.

552 2343 722 2376 ——Petaso
734 2351 785 2376 est
799 2341 897 2388 porci
907 2354 986 2387 pars
1001 2353 1040 2375 ea
1049 2366 1059 2382 ‚
1070 2353 1174 2386 quam

501 2408 622 2429 coxam
642 2404 768 2429 vocant
790 2407 869 2442 quae
887 2395 930 2428 ab
949 2394 1010 2427 alis
1033 2394 1176 2440 incipit,

501 2457 630 2482 costam
646 2447 927 2494 comprehendit.
941 2447 1022 2480 Non
1037 2445 1176 2480 videtur

503 2503 566 2536 iste
589 2502 686 2536 cibus
711 2514 838 2547 magno
860 2502 895 2534 in
922 2500 1036 2546 pretio
1058 2500 1173 2533 fuisse.

498 2555 678 2589 Juvenalis
706 2555 777 2589 Sat.
792 2555 882 2596 VII,
910 2566 979 2598 1¹9
999 2568 1006 2585 ε
1030 2571 1044 2582 «
1068 2552 1174 2595 Quod

501 2608 594 2642 vocis
623 2608 799 2654 pretium?
827 2608 936 2642 siccus
967 2614 1173 2653 petasuncu-

1236 2183 1300 2215 lus.
1311 2199 1323 2211 »ι
1340 2182 1383 2215 Et
1400 2183 1474 2228 ipse
1485 2183 1624 2224 Noster,
1642 2183 1702 2217 lib.
1717 2184 1770 2216 111
1780 2208 1790 2223 ‚
1804 2184 1915 2229 epigr.

1239 2248 1379 2277 Lxxvn,
1401 2238 1421 2270 6
1441 2247 1449 2268 ε
1467 2253 1480 2265 ι
1495 2236 1539 2269 Et
1569 2236 1713 2281 pulpam
1740 2235 1850 2269 dubio
1870 2234 1916 2269 de

1237 2297 1404 2334 petasone
1423 2301 1536 2322 voras.
1556 2306 1569 2317 u
1852 2307 1861 2314 ·

1294 2354 1323 2374 1.
1348 2341 1448 2374 Coros
1480 2355 1534 2374 nec
1567 2341 1665 2384 differ
1695 2343 1820 2375 amicos.
1848 2340 1916 2374 Hic

1236 2395 1317 2428 Ant.
1341 2394 1379 2426 ‹Ie
1398 2395 1488 2441 Rooy
1501 2395 1578 2427 vult
1593 2408 1602 2428 .·
1619 2408 1713 2428 canos
1738 2407 1793 2427 nec
1818 2393 1916 2436 diser

1235 2450 1267 2479 in
1289 2460 1397 2480 annos.
1415 2469 1467 2474 —
1484 2448 1639 2482 filusteus.
1656 2449 1793 2481 Recens
1810 2455 1861 2480 est
1880 2455 1915 2480 et

1235 2501 1360 2546 plenus
1383 2500 1474 2534 succi
1493 2512 1501 2533 :
1524 2513 1623 2542 nam,
1645 2501 1758 2547 inquit
1782 2500 1887 2533 Poeta
1904 2525 1914 2540 ,

1235 2566 1307 2586 non
1327 2566 1406 2587 amo
1425 2554 1584 2587 vetulum
1603 2562 1637 2588 et
1656 2553 1786 2588 durum
1804 2561 1837 2586 et
1851 2552 1915 2586 sic-

1235 2619 1313 2640 cum
1335 2616 1551 2651 petasonem.
