2044 3292
487 233 576 276 118

839 232 900 273 M.
942 231 1080 273 VAL.
1121 227 1511 271 MARTIALIS

1072 379 1306 435 XLIX.

1332 515 1348 531 η.

1012 536 1314 564 FICEDULA.

552 667 702 722 QUUM
733 680 803 707 me
828 663 935 706 ficus
962 661 1074 715 alat,
1100 678 1234 722 quum
1262 677 1414 721 pascar
1440 660 1638 706 dulcibus
1662 663 1782 718 uvis;

623 737 715 779 Cur
745 735 889 795 potius
921 749 1080 776 nomen
1111 749 1200 776 non
1230 731 1350 776 dedit
1379 748 1462 775 uva
1488 731 1624 776 mihi?

555 876 780 935 Βοσκομένῃ
808 875 997 935 γλυκερὸν
1027 880 1144 916 σῦκον
1172 874 1238 916 καὶ
1270 874 1442 934 βότρυας
1467 868 1592 927 ἡδεῖς,

626 945 750 989 Τίπτ’
777 946 888 1004 ὄνομ’
914 947 957 987 οὐ
984 948 1137 1002 μᾶλλον
1165 939 1290 987 δῶκεν
1318 949 1337 987 ὁ
1370 945 1514 1004 βότρυς
1546 944 1659 1003 ἐμοί;

544 1081 558 1095 '
577 1085 743 1119 Ficedula
770 1086 902 1119 avicula
933 1094 982 1119 est
1012 1085 1168 1119 luscinia:

491 1138 666 1172 simillima
678 1165 687 1180 ‚
703 1147 777 1172 tum
793 1139 929 1177 colore,
948 1147 1023 1171 tum
1040 1138 1170 1184 magni-

492 1190 636 1233 tudine,
658 1192 787 1226 Graecis
811 1191 905 1225 dieta
928 1191 1078 1232 συκαλὶς,
1103 1193 1169 1224 La-

492 1245 575 1279 tinis
590 1245 738 1279 ficedula
751 1271 760 1286 ‚
779 1243 877 1291 quod
893 1245 1043 1279 ficorum
1062 1253 1172 1278 niatu-

495 1299 707 1332 rescentium
728 1307 886 1344 tempore
905 1299 1043 1343 pinguis
1059 1297 1118 1331 fiat
1137 1306 1171 1330 et

496 1352 668 1397 capiatur.
689 1351 772 1385 Vid.
801 1360 915 1385 tamen
937 1352 1028 1384 infra
1055 1359 1172 1384 notata

498 1403 541 1437 ad
564 1417 653 1438 vers,
681 1417 712 1438 1.
736 1405 872 1438 Gallice
892 1416 1056 1438 vocamus
1080 1403 1172 1448 bech-

496 1470 569 1501 gne.
599 1458 665 1492 Eas
695 1466 809 1491 autem
832 1458 982 1491 Romani
1005 1458 1040 1490 in
1063 1457 1175 1502 epulis

499 1509 717 1545 delicatiores
741 1510 845 1544 valde
876 1511 1108 1556 appetebant;
1142 1518 1175 1543 et

498 1564 609 1598 refert
641 1565 831 1598 Suetonius
864 1562 994 1597 donata
1025 1562 1174 1609 quadam

502 1617 560 1651 die
573 1631 592 1651 a
603 1618 748 1651 Tiberio
763 1618 895 1651 Caesare
906 1617 1035 1650 Asellio
1048 1616 1177 1650 Sabino

505 1671 576 1704 HS.
596 1671 764 1711 ducenta,
788 1668 900 1710 (Tab.
919 1670 1129 1702 num.Ton1.
1149 1670 1176 1701 l.

506 1722 586 1765 fin.)
599 1725 645 1758 ob
656 1724 855 1757 institutum
869 1723 911 1755 ab
925 1723 1015 1755 eoin
1026 1721 1177 1768 quodam

505 1775 644 1823 dialogo
661 1785 836 1811 certamen
855 1777 946 1809 inter
962 1776 1098 1809 boletos
1110 1800 1118 1815 ‚
1138 1775 1178 1806 {i-

505 1829 668 1872 cednlas,
688 1839 800 1864 ostrea
824 1837 859 1862 et
885 1828 1019 1862 turdos.
1039 1826 1180 1861 Turdos

507 1892 623 1917 autem
636 1909 645 1925 ‚
677 1884 811 1916 boletos
844 1891 879 1915 et
914 1889 1028 1915 ostrea
1056 1881 1093 1914 in
1124 1880 1182 1914 de-

506 1937 596 1970 liciis
615 1936 712 1982 apud
735 1938 912 1969 Romanos
937 1935 1042 1968 fuisse
1066 1934 1182 1967 nullus

509 1990 648 2035 ignorat
656 1990 717 2035 qui
727 1988 944 2022 velPetronii
954 2014 963 2029 ‚
974 1988 1184 2021 velJuvena-

508 2043 551 2076 lis
572 2043 627 2076 vel
648 2043 817 2075 Martialis
841 2041 952 2074 nostri
972 2053 1082 2085 pauca
1096 2040 1184 2073 deli-

509 2097 626 2137 bavit3
645 2104 678 2129 et
691 2096 717 2129 si
734 2096 811 2141 quis
831 2095 986 2140 ignoret,
1005 2092 1104 2126 adeat
1118 2093 1183 2126 hu-

506 2152 563 2195 jus
575 2149 635 2182 lib.
651 2149 741 2194 epig.
759 2160 896 2188 XLvnt,
907 2159 956 2185 LI,
968 2146 1183 2180 Lxxx11.En.

568 2214 597 2236 1.
620 2202 724 2247 Quum
742 2200 875 2246 meficus
896 2200 976 2240 alat,
995 2212 1100 2246 quum,
1119 2207 1184 2232 etc.

513 2255 715 2290 Aristoteles
742 2263 858 2288 tamen
891 2252 1057 2286 ficedulas
1084 2251 1186 2284 docet

513 2308 712 2343 vermiculis
732 2308 789 2340 ali.
803 2308 938 2340 Verum
960 2304 996 2338 id
1018 2304 1160 2350 quidem
1175 2330 1185 2345 ,

511 2375 576 2396 nec
591 2370 683 2396 vetat
695 2369 809 2394 tamen
829 2359 914 2405 quin
931 2358 1089 2392 autumni
1103 2366 1187 2391 tem-

512 2428 599 2461 pore
623 2423 658 2448 et
679 2414 765 2447 ficus
786 2422 820 2447 et
846 2425 929 2446 uvas
959 2411 1186 2444 libentissime

511 2468 628 2502 edant.
653 2468 767 2501 Varro
790 2465 835 2499 de
859 2466 978 2511 lingua
1007 2464 1113 2498 latina
1143 2463 1187 2497 ad

510 2534 631 2556 vocem
642 2520 836 2565 ficedulam:
856 2536 870 2549 ι
883 2518 1032 2558 ficuum,
1049 2517 1181 2562 inquit,

1223 1098 1284 1119 esu
1299 1085 1437 1130 pinguis
1445 1086 1505 1118 fit»
1516 1086 1731 1125 .Athenaeus‚
1745 1085 1898 1130 Deipno-

1223 1138 1458 1184 sophistarum
1487 1139 1548 1172 lib.
1579 1139 1635 1180 II,
1661 1137 1705 1171 de
1734 1137 1896 1171 συκαλίσιν

1225 1190 1343 1237 (quod
1368 1204 1474 1237 supra
1493 1190 1643 1224 vidimus
1665 1190 1757 1224 idem
1776 1202 1900 1224 sonare

1225 1257 1306 1278 cum
1322 1243 1498 1284 ficedulis)
1514 1243 1607 1278 idem
1626 1252 1782 1278 testatur.
1801 1242 1900 1276 Idem

1225 1298 1441 1332 Eusthatius.
1470 1298 1515 1331 Et
1551 1297 1634 1331 hinc
1666 1298 1780 1331 forsan
1813 1294 1900 1329 illud

1226 1351 1452 1396 proverbium
1475 1351 1677 1384 Graecorum
1698 1363 1706 1382 :
1728 1353 1817 1384 Σῠκα
1835 1349 1902 1393 φίλ’

1226 1405 1379 1449 ὀρνίθεσσι
1402 1419 1408 1425 ·
1435 1405 1573 1448 φυτεύειν
1594 1400 1628 1436 δ’
1653 1405 1710 1436 οὐκ.
1727 1405 1902 1443 ἐθέλουσιν,

1227 1458 1294 1490 hoc
1315 1465 1365 1490 est
1381 1483 1389 1498 ‚
1412 1457 1528 1491 Gratae
1550 1457 1674 1490 avibus
1694 1456 1780 1490 ficus
1802 1464 1904 1495 sunt,

1230 1509 1290 1543 sed
1310 1510 1466 1556 plantare
1487 1518 1658 1543 recusant.

1287 1576 1318 1596 2.
1339 1562 1406 1596 Cm·
1412 1565 1520 1608 potius
1538 1576 1646 1595 nomen
1665 1576 1726 1595 non
1745 1562 1834 1594 dedit
1846 1573 1905 1594 uva

1232 1617 1326 1648 ηιὶΙιί.Ω
1339 1616 1414 1649 Hoc
1431 1624 1498 1657 est,
1509 1628 1573 1649 cur
1588 1628 1659 1649 non
1677 1615 1795 1662 potius
1809 1613 1906 1647 dicor

1232 1667 1381 1702 uvedula
1405 1681 1509 1714 quarn
1540 1667 1715 1702 ficedula?
1745 1665 1907 1700 Uvedula

1233 1721 1326 1755 enim
1347 1722 1388 1754 ab
1410 1735 1470 1754 uva
1489 1731 1523 1755 et
1543 1721 1632 1754 edere
1653 1720 1778 1755 eodem
1800 1718 1907 1753 modo

1234 1774 1412 1808 derivetur
1439 1787 1509 1820 quo
1534 1786 1553 1807 a
1563 1773 1633 1819 ficu
1654 1782 1689 1808 et
1708 1773 1796 1806 edere
1827 1773 1909 1806 fice-

1235 1827 1337 1869 dula,
1357 1827 1513 1860 eamdem
1538 1839 1665 1873 nempe
1690 1825 1908 1861 terminatio-

1234 1892 1313 1914 nem
1341 1881 1522 1914 literarum
1547 1880 1702 1914 finalium
1724 1881 1802 1913 loco
1823 1878 1909 1912 acci-

1235 1934 1345 1980 piens.
1380 1933 1446 1967 Hic
1485 1933 1641 1967 Raderus
1681 1932 1910 1978 interroganti

1235 1987 1391 2020 Martiali
1422 1986 1636 2032 respondere
1669 1993 1831 2020 tentans:
1855 1986 1910 2017 An

1238 2040 1321 2085 quia
1340 2039 1448 2073 serius
1465 2041 1644 2085 cognitum
1658 2047 1709 2072 est
1724 2037 1911 2072 ficedulam

1237 2104 1304 2125 uva
1319 2093 1409 2125 vesci
1421 2119 1430 2133 ‚
1447 2101 1481 2126 et
1498 2092 1594 2138 prius
1611 2092 1710 2126 ficu?
1729 2089 1835 2133 Quod
1855 2090 1911 2124 in-

1237 2145 1436 2191 geniosum3
1465 2155 1499 2179 at
1530 2146 1590 2179 ubi
1619 2145 1701 2191 legit
1731 2143 1911 2184 Raderus,

1239 2210 1389 2244 quamve
1420 2198 1466 2231 ob
1497 2210 1650 2232 caussam
1674 2197 1834 2242 conjicit,
1854 2208 1913 2230 co-

1237 2251 1373 2297 gnitum
1390 2252 1498 2284 serius
1513 2264 1580 2285 uva
1594 2250 1779 2285 ficedulam
1794 2248 1908 2284 vesci?

1240 2305 1347 2338 Notat
1364 2317 1445 2337 mox
1464 2303 1559 2338 idem
1580 2305 1750 2350 interpres
1772 2303 1913 2337 Graecos

1238 2370 1370 2391 nomen
1389 2357 1471 2390 huic
1496 2358 1548 2391 avi
1572 2358 1615 2391 ab
1636 2369 1702 2390 uva
1727 2357 1830 2390 etiam
1856 2354 1916 2389 de-

1240 2410 1347 2452 disse,
1367 2410 1393 2444 si
1416 2409 1522 2444 modo
1541 2407 1721 2456 ἀμπελίὸες
1743 2406 1814 2449 (sic
1835 2420 1914 2442 aves

1240 2463 1398 2509 quaedam
1420 2465 1463 2497 ab
1485 2464 1629 2509 ἄμπελος
1643 2491 1652 2504 ,
1673 2460 1772 2503 vitis)
1786 2460 1914 2496 eaedem

1240 2526 1320 2550 sunt
1340 2529 1418 2550 cum
1440 2517 1617 2551 συκαλίσιν.
