1901 3259
299 245 882 292 EPIGRAMMATUM
920 245 1044 288 LIB.
1085 244 1226 286 XIV.

1440 239 1464 284 δ’(

1369 259 1427 303 27

636 395 878 450 XVIII.

659 551 865 579 NUCES.

134 675 262 718 ALEA
294 689 428 734 parva
454 690 611 729 nuces,
633 684 677 717 et
705 690 794 717 non
825 673 1034 718 damnosa
1063 673 1281 726 videntum

203 745 324 804 Saepe
351 754 496 788 tamen
520 745 665 805 pueris
695 743 872 788 abstulit
901 743 974 787 illa
1003 753 1136 788 nates.

136 880 225 920 Τῶν
255 880 409 938 καρύων
440 879 509 938 μὲν
539 877 715 939 ἄθυρμα,
745 880 880 939 μικρὸν
913 873 1137 939 δαπάνημα
1166 882 1361 921 καλεῖται·

206 941 323 992 Ᾱλλὰ
349 947 458 1009 θαμὰ
483 953 663 1010 γλουτῶν
690 943 835 993 παιδία
862 948 1093 1008 νοσφίσατο.

122 1098 153 1119 1.
179 1085 264 1119 Alea
284 1098 398 1130 pat-va.
424 1085 493 1119 Pro
519 1098 558 1119 re
581 1084 740 1131 deposita

65 1139 103 1172 in
118 1136 206 1171 ludo
221 1138 280 1171 hic
296 1138 435 1183 capitur
448 1150 525 1183 quae
544 1151 650 1184 parva
668 1147 741 1180 est,

67 1200 102 1226 et
119 1203 184 1225 nec
202 1190 370 1225 damnum
385 1191 486 1232 facit,
504 1204 570 1224 nec
587 1192 741 1234 lucrum3

66 1244 184 1290 pueris
197 1252 312 1278 tamen
324 1252 376 1278 sat
392 1243 531 1290 grandis
549 1253 615 1285 est,
632 1257 743 1290 quum

67 1297 244 1343 vapulant.
275 1297 352 1331 Lib.
381 1298 423 1339 V,
442 1297 551 1343 epigr.
586 1310 715 1331 Lxxxw
730 1324 739 1337 ,

69 1363 118 1384 vs.
147 1362 176 1383 1.

125 1415 160 1437 2.
182 1402 309 1436 Obtulit
328 1401 535 1437 Beverlandi
556 1402 631 1437 MS.
656 1403 744 1436 «Est

71 1455 132 1501 qui
147 1456 238 1501 legat
256 1456 402 1496 abscidit,
421 1468 463 1489 ex
477 1456 537 1489 illo
556 1456 743 1498 versiculo,

800 1086 904 1119 Manis
920 1087 1002 1129 Rufi:
1020 1099 1150 1132 coquum
1165 1086 1303 1119 scindere
1318 1099 1410 1133 quam
1428 1087 1472 1119 le⁶

795 1152 914 1184 parem.
935 1156 948 1168 »
978 1139 1130 1172 Flosculi
1157 1140 1322 1173 Annotat.
1350 1140 1409 1172 Illa
1438 1140 1474 1172 in

800 1204 909 1237 marg.
937 1191 991 1225 ed.
1021 1192 1154 1237 Langii.
1179 1212 1232 1218 —-
1254 1193 1401 1226 Abstulit
1422 1193 1477 1224 illa

802 1253 900 1278 nates.
922 1244 1076 1278 Nudavit
1092 1244 1135 1278 ad
1151 1257 1271 1290 poenas
1290 1253 1324 1278 et
1345 1246 1477 1290 virgam

803 1306 861 1331 aut
887 1297 1082 1343 flagellum,
1105 1298 1133 1331 si
1154 1298 1245 1331 ultra
1271 1297 1365 1331 diem
1396 1310 1474 1343 per-

802 1350 946 1384 missum
967 1351 1130 1384 luserint.
1150 1351 1447 1384 Farnabi11s.—-V
1451 1351 1478 1382 i-

804 1402 907 1436 detur
927 1404 1048 1449 potius
1077 1403 1211 1449 aliquid
1232 1413 1336 1449 turpe
1358 1416 1396 1436 ac
1418 1416 1479 1436 ne<

805 1456 950 1490 fandum
971 1457 1171 1502 significari.
1198 1456 1386 1491 Gronovius.

685 1592 865 1647 XIX.

483 1747 660 1776 THECA
697 1728 1069 1775 CALAMARIA.*

144 1879 372 1922 SoRTITUs
398 1877 598 1931 thecam,
630 1876 804 1920 calamis
835 1893 1003 1920 armare
1035 1887 1276 1931 memento3

215 1949 383 1992 Caetera
413 1963 491 1991 nos
518 1946 741 2003 dedimus,
764 1957 810 1990 tu
842 1947 1002 1991 leviora
1032 1963 1150 2008 para.

149 2091 295 2147 Κλήρῳ
324 2091 434 2150 σχὼν
467 2088 586 2135 θήκην
615 2093 811 2145 καλάμοις
840 2090 1043 2130 ὅπλισσον·
1075 2090 1152 2149 ἐγὼ
1179 2091 1247 2147 μὲν

218 2157 352 2202 Δοιπὰ
378 2153 552 2201 δέδωκα·
586 2159 632 2200 σὺ
662 2153 700 2200 δ’
731 2156 779 2201 αὖ
807 2159 909 2200 ἔντυ’
936 2160 1197 2218 ἐλαφρότερα.

133 2290 146 2304 ’
169 2295 272 2328 Theca
290 2294 421 2327 libraria
445 2292 654 2328 Beverlandi
676 2293 749 2327 MS.

80 2359 260 2393 perperam
272 2372 282 2389 ,
309 2355 347 2380 ut
374 2360 393 2380 e
426 2347 620 2392 posteriore
644 2347 751 2381 versi-

81 2400 160 2433 culo
176 2412 358 2445 agnoscere
372 2400 473 2433 facile
491 2409 553 2434 est.
565 2421 617 2426 —
631 2401 748 2439 Theca,

83 2465 99 2485 a
117 2465 229 2498 graeco
246 2453 323 2488 θήκη
347 2452 444 2498 quod
463 2466 482 2486 a
497 2454 623 2498 τίθημι,
645 2452 682 2486 id
703 2461 753 2486 est

82 2505 117 2538 in
136 2517 205 2550 quo
225 2504 358 2550 aliquid
376 2506 562 2550 reponitur
580 2518 754 2539 asservan-

82 2556 166 2591 dum
178 2584 187 2599 ‚
207 2558 304 2603 quasi
331 2557 507 2591 diceretur
525 2559 750 2599 conditorium,

83 2613 313 2655 repositorium,
336 2613 514 2643 armarium.
532 2611 622 2644 Hinc
644 2612 754 2645 multa

85 2663 185 2697 etiam
202 2662 294 2707 apud
313 2663 452 2697 Latinos
469 2664 636 2698 vocabula
656 2673 693 2697 ut
711 2664 755 2696 ln·-

814 2295 965 2327 hliotheca
977 2288 1112 2338 (βιβλίον
1119 2322 1127 2337 ,
1135 2291 1240 2339 liber),
1251 2297 1355 2329 loculi
1363 2310 1439 2331 nem
1445 2312 1487 2343 pe

812 2346 856 2380 ad
874 2347 1095 2393 reponendos
1116 2349 1223 2382 libros
1235 2374 1244 2387 ,
1259 2349 1486 2396 ‹la‹·4‚·liotl1eca

812 2397 983 2434 δακτύλιον
998 2426 1005 2437 ,
1025 2399 1196 2444 annulus),
1217 2403 1383 2436 scrinium
1417 2417 1487 2449 quo

812 2462 994 2487 servantur
1017 2455 1157 2496 annuli,
1176 2456 1339 2487 clu-otlzeca
1358 2484 1365 2495 ,
1387 2466 1451 2490 etc,

869 2519 901 2539 2.
926 2506 1050 2540 Caetera
1075 2521 1130 2539 nos
1156 2507 1307 2540 dedimus.
1334 2509 1486 2543 Thecam

814 2571 939 2604 nempe
947 2559 1087 2593 calamis
1095 2559 1305 2605 reponendis
1315 2561 1489 2598 idoneam.

814 2631 864 2637 —·
880 2613 929 2644 Tu
941 2613 1154 2657 leuioralmra.
1169 2613 1327 2647 Calamos
1341 2615 1469 2649 seilicet
1480 2644 1488 2658 ,

816 2665 942 2709 stylum
956 2691 964 2704 ,
984 2674 1049 2698 etc.
