<?xml version="1.0" encoding="UTF-8"?>
<!DOCTYPE html PUBLIC "-//W3C//DTD XHTML 1.0 Transitional//EN"
    "http://www.w3.org/TR/xhtml1/DTD/xhtml1-transitional.dtd">
<html xmlns="http://www.w3.org/1999/xhtml" xml:lang="en" lang="en">
 <head>
  <title>
</title>
<meta http-equiv="Content-Type" content="text/html;charset=utf-8" />
  <meta name='ocr-system' content='tesseract 3.04.00' />
  <meta name='ocr-capabilities' content='ocr_page ocr_carea ocr_par ocr_line ocrx_word'/>
</head>
<body>
  <div class='ocr_page' id='page_1' title='image "./epigrammata03martuoft_0147.png"; bbox 0 0 1901 3259; ppageno 0'>
   <div class='ocr_carea' id='block_1_1' title="bbox 323 226 1258 274">
    <p class='ocr_par' dir='ltr' id='par_1_1' title="bbox 323 226 1258 274">
     <span class='ocr_line' id='line_1_1' title="bbox 323 226 1258 274; baseline -0.007 0"><span class='ocrx_word' id='word_1_1' title='bbox 323 229 907 274; x_wconf 88' lang='lat' dir='ltr'>EPIGRAMMATUM</span> <span class='ocrx_word' id='word_1_2' title='bbox 945 227 1069 270; x_wconf 91' lang='lat' dir='ltr'>LIB.</span> <span class='ocrx_word' id='word_1_3' title='bbox 1106 226 1258 269; x_wconf 87' lang='lat' dir='ltr'>XIII.</span> 
     </span>
    </p>
   </div>
   <div class='ocr_carea' id='block_1_2' title="bbox 1400 220 1491 269">
    <p class='ocr_par' dir='ltr' id='par_1_2' title="bbox 1400 220 1491 269">
     <span class='ocr_line' id='line_1_2' title="bbox 1400 220 1491 269; baseline 0.011 -1"><span class='ocrx_word' id='word_1_4' title='bbox 1400 220 1491 269; x_wconf 79' lang='lat'>105</span> 
     </span>
    </p>
   </div>
   <div class='ocr_carea' id='block_1_3' title="bbox 690 380 892 438">
    <p class='ocr_par' dir='ltr' id='par_1_3' title="bbox 690 380 892 438">
     <span class='ocr_line' id='line_1_3' title="bbox 690 380 892 438; baseline 0.01 -2"><span class='ocrx_word' id='word_1_5' title='bbox 690 380 892 438; x_wconf 91' lang='lat' dir='ltr'>XXV.</span> 
     </span>
    </p>
   </div>
   <div class='ocr_carea' id='block_1_4' title="bbox 576 512 1012 567">
    <p class='ocr_par' dir='ltr' id='par_1_4' title="bbox 576 512 1012 567">
     <span class='ocr_line' id='line_1_4' title="bbox 576 512 1012 567; baseline -0.005 -2"><span class='ocrx_word' id='word_1_6' title='bbox 576 536 752 567; x_wconf 77' lang='lat' dir='ltr'><strong>NUCES</strong></span> <span class='ocrx_word' id='word_1_7' title='bbox 798 512 1012 565; x_wconf 54' lang='lat' dir='ltr'>PmEffif</span> 
     </span>
    </p>
   </div>
   <div class='ocr_carea' id='block_1_5' title="bbox 157 657 1425 789">
    <p class='ocr_par' dir='ltr' id='par_1_5' title="bbox 157 657 1425 789">
     <span class='ocr_line' id='line_1_5' title="bbox 157 657 1425 720; baseline -0.003 -16"><span class='ocrx_word' id='word_1_8' title='bbox 157 661 298 705; x_wconf 82' lang='lat' dir='ltr'><strong>POMA</strong></span> <span class='ocrx_word' id='word_1_9' title='bbox 323 676 472 704; x_wconf 89' lang='lat' dir='ltr'>sumus</span> <span class='ocrx_word' id='word_1_10' title='bbox 494 658 678 720; x_wconf 83' lang='lat' dir='ltr'>Cybeles</span> <span class='ocrx_word' id='word_1_11' title='bbox 702 677 711 704; x_wconf 90' lang='lat'>:</span> <span class='ocrx_word' id='word_1_12' title='bbox 737 658 892 720; x_wconf 85' lang='lat' dir='ltr'>procul</span> <span class='ocrx_word' id='word_1_13' title='bbox 916 659 1019 703; x_wconf 89' lang='lat' dir='ltr'>hinc</span> <span class='ocrx_word' id='word_1_14' title='bbox 1042 657 1242 712; x_wconf 87' lang='lat' dir='ltr'>discede,</span> <span class='ocrx_word' id='word_1_15' title='bbox 1265 657 1425 712; x_wconf 81' lang='lat' dir='ltr'>viator,</span> 
     </span>
     <span class='ocr_line' id='line_1_6' title="bbox 227 729 1240 789; baseline -0.004 -14"><span class='ocrx_word' id='word_1_16' title='bbox 227 732 295 775; x_wconf 87' lang='lat' dir='ltr'>Ne</span> <span class='ocrx_word' id='word_1_17' title='bbox 321 730 449 774; x_wconf 83' lang='lat' dir='ltr'>cadat</span> <span class='ocrx_word' id='word_1_18' title='bbox 472 731 517 774; x_wconf 91' lang='lat' dir='ltr'>in</span> <span class='ocrx_word' id='word_1_19' title='bbox 542 731 748 775; x_wconf 87' lang='lat' dir='ltr'>miserum</span> <span class='ocrx_word' id='word_1_20' title='bbox 773 739 922 775; x_wconf 85' lang='lat' dir='ltr'>nostra</span> <span class='ocrx_word' id='word_1_21' title='bbox 946 729 1072 773; x_wconf 83' lang='lat' dir='ltr'>ruina</span> <span class='ocrx_word' id='word_1_22' title='bbox 1097 736 1240 789; x_wconf 84' lang='lat' dir='ltr'>caput.</span> 
     </span>
    </p>
   </div>
   <div class='ocr_carea' id='block_1_6' title="bbox 157 843 1201 984">
    <p class='ocr_par' dir='ltr' id='par_1_6' title="bbox 157 843 1201 984">
     <span class='ocr_line' id='line_1_7' title="bbox 157 843 1187 913; baseline -0.003 -17"><span class='ocrx_word' id='word_1_23' title='bbox 157 856 263 902; x_wconf 75' lang='grc' dir='ltr'>Τῆλε</span> <span class='ocrx_word' id='word_1_24' title='bbox 287 849 430 908; x_wconf 65' lang='grc' dir='ltr'>σοὲοῦ,</span> <span class='ocrx_word' id='word_1_25' title='bbox 458 847 686 913; x_wconf 72' lang='grc' dir='ltr'>παροδῖτα,</span> <span class='ocrx_word' id='word_1_26' title='bbox 712 843 810 902; x_wconf 62' lang='grc' dir='ltr'><strong>ῥέης</strong></span> <span class='ocrx_word' id='word_1_27' title='bbox 840 846 1058 912; x_wconf 76' lang='grc' dir='ltr'>ἀκρόδρυόν</span> <span class='ocrx_word' id='word_1_28' title='bbox 1085 850 1187 910; x_wconf 80' lang='grc' dir='ltr'>εἰμι,</span> 
     </span>
     <span class='ocr_line' id='line_1_8' title="bbox 229 910 1201 984; baseline -0.002 -19"><span class='ocrx_word' id='word_1_29' title='bbox 229 910 349 984; x_wconf 71' lang='grc' dir='ltr'>ὄφρα</span> <span class='ocrx_word' id='word_1_30' title='bbox 376 925 430 983; x_wconf 74' lang='grc' dir='ltr'>μὴ</span> <span class='ocrx_word' id='word_1_31' title='bbox 463 923 514 973; x_wconf 80' lang='grc' dir='ltr'>εἰς</span> <span class='ocrx_word' id='word_1_32' title='bbox 545 923 727 982; x_wconf 80' lang='grc' dir='ltr'>σχέτλιον</span> <span class='ocrx_word' id='word_1_33' title='bbox 752 925 885 983; x_wconf 72' lang='grc' dir='ltr'>κρᾶτα</span> <span class='ocrx_word' id='word_1_34' title='bbox 910 923 1070 981; x_wconf 83' lang='grc' dir='ltr'>πέσοιμι</span> <span class='ocrx_word' id='word_1_35' title='bbox 1095 922 1201 964; x_wconf 85' lang='grc' dir='ltr'>τεόν.</span> 
     </span>
    </p>
   </div>
   <div class='ocr_carea' id='block_1_7' title="bbox 86 1043 764 1518">
    <p class='ocr_par' dir='ltr' id='par_1_7' title="bbox 86 1043 764 1305">
     <span class='ocr_line' id='line_1_9' title="bbox 139 1043 760 1094; baseline -0.003 -11"><span class='ocrx_word' id='word_1_36' title='bbox 139 1043 156 1059; x_wconf 64' lang='grc'>“”</span> <span class='ocrx_word' id='word_1_37' title='bbox 168 1048 273 1083; x_wconf 81' lang='lat' dir='ltr'><em>Nuces</em></span> <span class='ocrx_word' id='word_1_38' title='bbox 285 1049 402 1093; x_wconf 83' lang='lat' dir='ltr'>pineae.</span> <span class='ocrx_word' id='word_1_39' title='bbox 425 1047 482 1081; x_wconf 82' lang='lat' dir='ltr'>Sic</span> <span class='ocrx_word' id='word_1_40' title='bbox 498 1060 625 1093; x_wconf 91' lang='lat' dir='ltr'><strong>nempe</strong></span> <span class='ocrx_word' id='word_1_41' title='bbox 642 1049 760 1094; x_wconf 80' lang='lat' dir='ltr'>appel-</span> 
     </span>
     <span class='ocr_line' id='line_1_10' title="bbox 87 1101 762 1147; baseline -0.001 -12"><span class='ocrx_word' id='word_1_42' title='bbox 87 1102 248 1135; x_wconf 85' lang='lat' dir='ltr'><strong>labantur</strong></span> <span class='ocrx_word' id='word_1_43' title='bbox 275 1101 353 1146; x_wconf 89' lang='lat' dir='ltr'>pini</span> <span class='ocrx_word' id='word_1_44' title='bbox 375 1101 509 1134; x_wconf 87' lang='lat' dir='ltr'>arboris</span> <span class='ocrx_word' id='word_1_45' title='bbox 528 1101 678 1143; x_wconf 88' lang='lat' dir='ltr'>fructus,</span> <span class='ocrx_word' id='word_1_46' title='bbox 700 1101 762 1147; x_wconf 88' lang='lat' dir='ltr'>qui</span> 
     </span>
     <span class='ocr_line' id='line_1_11' title="bbox 87 1153 764 1188; baseline -0.001 0"><span class='ocrx_word' id='word_1_47' title='bbox 87 1154 154 1188; x_wconf 85' lang='lat' dir='ltr'>alio</span> <span class='ocrx_word' id='word_1_48' title='bbox 181 1153 328 1187; x_wconf 88' lang='lat' dir='ltr'>nomine</span> <span class='ocrx_word' id='word_1_49' title='bbox 355 1154 438 1188; x_wconf 90' lang='lat' dir='ltr'>coni</span> <span class='ocrx_word' id='word_1_50' title='bbox 469 1155 514 1187; x_wconf 91' lang='lat' dir='ltr'>ob</span> <span class='ocrx_word' id='word_1_51' title='bbox 546 1154 696 1188; x_wconf 83' lang='lat' dir='ltr'>formam</span> <span class='ocrx_word' id='word_1_52' title='bbox 730 1163 764 1187; x_wconf 89' lang='lat' dir='ltr'>et</span> 
     </span>
     <span class='ocr_line' id='line_1_12' title="bbox 86 1207 763 1252; baseline 0.001 -12"><span class='ocrx_word' id='word_1_53' title='bbox 86 1207 224 1242; x_wconf 87' lang='lat' dir='ltr'>strobili</span> <span class='ocrx_word' id='word_1_54' title='bbox 258 1207 386 1252; x_wconf 86' lang='lat' dir='ltr'>passim</span> <span class='ocrx_word' id='word_1_55' title='bbox 418 1207 655 1241; x_wconf 85' lang='lat' dir='ltr'>nominantur.</span> <span class='ocrx_word' id='word_1_56' title='bbox 691 1207 763 1241; x_wconf 90' lang='lat' dir='ltr'>Nos</span> 
     </span>
     <span class='ocr_line' id='line_1_13' title="bbox 86 1260 537 1305; baseline 0 -12"><span class='ocrx_word' id='word_1_57' title='bbox 86 1272 249 1294; x_wconf 81' lang='lat' dir='ltr'>vocamus</span> <span class='ocrx_word' id='word_1_58' title='bbox 262 1273 399 1305; x_wconf 77' lang='lat' dir='ltr'>pommes</span> <span class='ocrx_word' id='word_1_59' title='bbox 415 1260 453 1292; x_wconf 80' lang='lat' dir='ltr'>cle</span> <span class='ocrx_word' id='word_1_60' title='bbox 470 1263 537 1305; x_wconf 82' lang='lat' dir='ltr'>pin.</span> 
     </span>
    </p>

    <p class='ocr_par' dir='ltr' id='par_1_8' title="bbox 87 1312 763 1518">
     <span class='ocr_line' id='line_1_14' title="bbox 143 1312 762 1347; baseline 0 -1"><span class='ocrx_word' id='word_1_61' title='bbox 143 1327 174 1346; x_wconf 85' lang='lat'>1.</span> <span class='ocrx_word' id='word_1_62' title='bbox 200 1312 330 1346; x_wconf 73' lang='lat' dir='ltr'>Absiste</span> <span class='ocrx_word' id='word_1_63' title='bbox 354 1313 494 1347; x_wconf 88' lang='lat' dir='ltr'>Gruter.</span> <span class='ocrx_word' id='word_1_64' title='bbox 521 1325 563 1346; x_wconf 85' lang='lat' dir='ltr'>ex</span> <span class='ocrx_word' id='word_1_65' title='bbox 590 1313 699 1346; x_wconf 84' lang='lat' dir='ltr'>Palat.</span> <span class='ocrx_word' id='word_1_66' title='bbox 728 1322 762 1346; x_wconf 83' lang='lat' dir='ltr'>et</span> 
     </span>
     <span class='ocr_line' id='line_1_15' title="bbox 87 1365 761 1413; baseline 0 -15"><span class='ocrx_word' id='word_1_67' title='bbox 87 1365 136 1399; x_wconf 86' lang='lat' dir='ltr'>sic</span> <span class='ocrx_word' id='word_1_68' title='bbox 150 1366 249 1399; x_wconf 82' lang='lat' dir='ltr'><em>Barb.</em></span> <span class='ocrx_word' id='word_1_69' title='bbox 265 1365 321 1399; x_wconf 89' lang='lat' dir='ltr'>ed.</span> <span class='ocrx_word' id='word_1_70' title='bbox 335 1387 386 1393; x_wconf 83' lang='lat'>——</span> <span class='ocrx_word' id='word_1_71' title='bbox 397 1366 537 1413; x_wconf 68' lang='lat' dir='ltr'>Q7·bele5.</span> <span class='ocrx_word' id='word_1_72' title='bbox 555 1366 623 1400; x_wconf 91' lang='lat' dir='ltr'>Cui</span> <span class='ocrx_word' id='word_1_73' title='bbox 635 1378 761 1411; x_wconf 85' lang='lat' dir='ltr'>nempe</span> 
     </span>
     <span class='ocr_line' id='line_1_16' title="bbox 87 1418 763 1465; baseline -0.001 -13"><span class='ocrx_word' id='word_1_74' title='bbox 87 1431 183 1452; x_wconf 85' lang='lat' dir='ltr'>sacra</span> <span class='ocrx_word' id='word_1_75' title='bbox 198 1427 295 1452; x_wconf 88' lang='lat' dir='ltr'>erant</span> <span class='ocrx_word' id='word_1_76' title='bbox 311 1427 457 1465; x_wconf 88' lang='lat' dir='ltr'>propter</span> <span class='ocrx_word' id='word_1_77' title='bbox 478 1421 570 1464; x_wconf 85' lang='lat' dir='ltr'>Atyn</span> <span class='ocrx_word' id='word_1_78' title='bbox 589 1419 633 1453; x_wconf 82' lang='lat' dir='ltr'>ab</span> <span class='ocrx_word' id='word_1_79' title='bbox 650 1431 689 1452; x_wconf 89' lang='lat' dir='ltr'>ea</span> <span class='ocrx_word' id='word_1_80' title='bbox 705 1418 763 1451; x_wconf 85' lang='lat' dir='ltr'>ad-</span> 
     </span>
     <span class='ocr_line' id='line_1_17' title="bbox 87 1472 758 1518; baseline 0 -14"><span class='ocrx_word' id='word_1_81' title='bbox 87 1480 237 1506; x_wconf 83' lang='lat' dir='ltr'>amatum</span> <span class='ocrx_word' id='word_1_82' title='bbox 252 1499 260 1515; x_wconf 87' lang='lat'><strong>,</strong></span> <span class='ocrx_word' id='word_1_83' title='bbox 283 1480 316 1506; x_wconf 83' lang='lat' dir='ltr'>et</span> <span class='ocrx_word' id='word_1_84' title='bbox 337 1472 373 1506; x_wconf 93' lang='lat' dir='ltr'>in</span> <span class='ocrx_word' id='word_1_85' title='bbox 392 1473 514 1518; x_wconf 87' lang='lat' dir='ltr'>pinum</span> <span class='ocrx_word' id='word_1_86' title='bbox 538 1484 758 1506; x_wconf 86' lang='lat' dir='ltr'>conversum.</span> 
     </span>
    </p>
   </div>
   <div class='ocr_carea' id='block_1_8' title="bbox 820 1045 1502 1464">
    <p class='ocr_par' dir='ltr' id='par_1_9' title="bbox 823 1045 1498 1092">
     <span class='ocr_line' id='line_1_18' title="bbox 823 1045 1498 1092; baseline -0.003 -10"><span class='ocrx_word' id='word_1_87' title='bbox 823 1050 874 1082; x_wconf 94' lang='lat' dir='ltr'>De</span> <span class='ocrx_word' id='word_1_88' title='bbox 890 1048 1044 1081; x_wconf 87' lang='lat' dir='ltr'>nucibus</span> <span class='ocrx_word' id='word_1_89' title='bbox 1056 1046 1170 1092; x_wconf 88' lang='lat' dir='ltr'>pineis</span> <span class='ocrx_word' id='word_1_90' title='bbox 1185 1046 1319 1079; x_wconf 84' lang='lat' dir='ltr'>Plinius</span> <span class='ocrx_word' id='word_1_91' title='bbox 1337 1045 1418 1088; x_wconf 87' lang='lat' dir='ltr'>XV,</span> <span class='ocrx_word' id='word_1_92' title='bbox 1440 1058 1498 1080; x_wconf 88' lang='lat'>10.</span> 
     </span>
    </p>

    <p class='ocr_par' dir='ltr' id='par_1_10' title="bbox 820 1097 1502 1464">
     <span class='ocr_line' id='line_1_19' title="bbox 878 1097 1498 1144; baseline -0.005 -10"><span class='ocrx_word' id='word_1_93' title='bbox 878 1114 912 1134; x_wconf 85' lang='lat'>2.</span> <span class='ocrx_word' id='word_1_94' title='bbox 944 1101 1012 1133; x_wconf 84' lang='lat' dir='ltr'>Nec</span> <span class='ocrx_word' id='word_1_95' title='bbox 1038 1099 1112 1133; x_wconf 87' lang='lat' dir='ltr'>MS.</span> <span class='ocrx_word' id='word_1_96' title='bbox 1141 1100 1178 1132; x_wconf 90' lang='lat' dir='ltr'>in</span> <span class='ocrx_word' id='word_1_97' title='bbox 1204 1111 1312 1144; x_wconf 79' lang='lat' dir='ltr'>marg.</span> <span class='ocrx_word' id='word_1_98' title='bbox 1340 1097 1394 1131; x_wconf 86' lang='lat' dir='ltr'>ed.</span> <span class='ocrx_word' id='word_1_99' title='bbox 1422 1098 1498 1132; x_wconf 91' lang='lat' dir='ltr'>Par.</span> 
     </span>
     <span class='ocr_line' id='line_1_20' title="bbox 828 1151 1500 1199; baseline -0.004 -12"><span class='ocrx_word' id='word_1_100' title='bbox 828 1156 934 1199; x_wconf 84' lang='lat'>1617.</span> <span class='ocrx_word' id='word_1_101' title='bbox 957 1175 1009 1180; x_wconf 87' lang='lat'>-—</span> <span class='ocrx_word' id='word_1_102' title='bbox 1033 1154 1084 1187; x_wconf 84' lang='lat' dir='ltr'>Ne</span> <span class='ocrx_word' id='word_1_103' title='bbox 1109 1153 1215 1186; x_wconf 82' lang='lat' dir='ltr'>cadat.</span> <span class='ocrx_word' id='word_1_104' title='bbox 1243 1152 1320 1185; x_wconf 90' lang='lat' dir='ltr'>Hoc</span> <span class='ocrx_word' id='word_1_105' title='bbox 1344 1158 1395 1184; x_wconf 90' lang='lat' dir='ltr'>est</span> <span class='ocrx_word' id='word_1_106' title='bbox 1415 1163 1423 1184; x_wconf 93' lang='lat'>:</span> <span class='ocrx_word' id='word_1_107' title='bbox 1447 1151 1500 1185; x_wconf 94' lang='lat' dir='ltr'>Ne</span> 
     </span>
     <span class='ocr_line' id='line_1_21' title="bbox 823 1204 1499 1251; baseline -0.004 -11"><span class='ocrx_word' id='word_1_108' title='bbox 823 1206 984 1240; x_wconf 88' lang='lat' dir='ltr'>cadamus</span> <span class='ocrx_word' id='word_1_109' title='bbox 1003 1206 1040 1239; x_wconf 92' lang='lat' dir='ltr'>in</span> <span class='ocrx_word' id='word_1_110' title='bbox 1061 1214 1162 1239; x_wconf 88' lang='lat' dir='ltr'>tuum</span> <span class='ocrx_word' id='word_1_111' title='bbox 1190 1213 1303 1251; x_wconf 84' lang='lat' dir='ltr'>caput.</span> <span class='ocrx_word' id='word_1_112' title='bbox 1323 1204 1430 1237; x_wconf 85' lang='lat' dir='ltr'>Jocus</span> <span class='ocrx_word' id='word_1_113' title='bbox 1448 1212 1499 1237; x_wconf 90' lang='lat' dir='ltr'>est</span> 
     </span>
     <span class='ocr_line' id='line_1_22' title="bbox 822 1257 1502 1305; baseline -0.006 -12"><span class='ocrx_word' id='word_1_114' title='bbox 822 1268 951 1305; x_wconf 83' lang='lat' dir='ltr'>poetae,</span> <span class='ocrx_word' id='word_1_115' title='bbox 966 1260 1026 1305; x_wconf 86' lang='lat' dir='ltr'>qui</span> <span class='ocrx_word' id='word_1_116' title='bbox 1045 1271 1149 1305; x_wconf 81' lang='lat' dir='ltr'>poma</span> <span class='ocrx_word' id='word_1_117' title='bbox 1163 1258 1234 1305; x_wconf 86' lang='lat' dir='ltr'>ipsa</span> <span class='ocrx_word' id='word_1_118' title='bbox 1248 1257 1431 1303; x_wconf 81' lang='lat' dir='ltr'>loquentia</span> <span class='ocrx_word' id='word_1_119' title='bbox 1449 1257 1502 1290; x_wconf 90' lang='lat' dir='ltr'>in-</span> 
     </span>
     <span class='ocr_line' id='line_1_23' title="bbox 820 1310 1501 1346; baseline -0.006 0"><span class='ocrx_word' id='word_1_120' title='bbox 820 1312 928 1346; x_wconf 87' lang='lat' dir='ltr'>ducit.</span> <span class='ocrx_word' id='word_1_121' title='bbox 949 1313 1039 1346; x_wconf 84' lang='lat' dir='ltr'>Nam</span> <span class='ocrx_word' id='word_1_122' title='bbox 1061 1324 1125 1345; x_wconf 90' lang='lat' dir='ltr'>nec</span> <span class='ocrx_word' id='word_1_123' title='bbox 1144 1312 1232 1345; x_wconf 90' lang='lat' dir='ltr'>tanti</span> <span class='ocrx_word' id='word_1_124' title='bbox 1251 1318 1333 1345; x_wconf 86' lang='lat' dir='ltr'>sunt</span> <span class='ocrx_word' id='word_1_125' title='bbox 1349 1310 1501 1343; x_wconf 92' lang='lat' dir='ltr'>volumi-</span> 
     </span>
     <span class='ocr_line' id='line_1_24' title="bbox 820 1364 1500 1403; baseline -0.004 -4"><span class='ocrx_word' id='word_1_126' title='bbox 820 1366 876 1399; x_wconf 87' lang='lat' dir='ltr'>nis</span> <span class='ocrx_word' id='word_1_127' title='bbox 891 1375 931 1399; x_wconf 88' lang='lat' dir='ltr'>ut</span> <span class='ocrx_word' id='word_1_128' title='bbox 945 1365 1103 1399; x_wconf 78' lang='lat' dir='ltr'>cadentia</span> <span class='ocrx_word' id='word_1_129' title='bbox 1115 1365 1299 1399; x_wconf 84' lang='lat' dir='ltr'>vulnerent</span> <span class='ocrx_word' id='word_1_130' title='bbox 1312 1364 1500 1403; x_wconf 79' lang='lat' dir='ltr'>viatore1n3</span> 
     </span>
     <span class='ocr_line' id='line_1_25' title="bbox 821 1416 1500 1464; baseline -0.006 -11"><span class='ocrx_word' id='word_1_131' title='bbox 821 1427 854 1452; x_wconf 89' lang='lat' dir='ltr'>et</span> <span class='ocrx_word' id='word_1_132' title='bbox 875 1419 1085 1453; x_wconf 85' lang='lat' dir='ltr'>Theocritus</span> <span class='ocrx_word' id='word_1_133' title='bbox 1098 1445 1106 1461; x_wconf 88' lang='lat'><strong><em>‚</em></strong></span> <span class='ocrx_word' id='word_1_134' title='bbox 1128 1417 1286 1464; x_wconf 66' lang='lat' dir='ltr'>IdyllN,</span> <span class='ocrx_word' id='word_1_135' title='bbox 1304 1416 1342 1450; x_wconf 89' lang='lat' dir='ltr'>id</span> <span class='ocrx_word' id='word_1_136' title='bbox 1365 1417 1479 1463; x_wconf 89' lang='lat' dir='ltr'>ipsum</span> <span class='ocrx_word' id='word_1_137' title='bbox 1491 1441 1500 1457; x_wconf 91' lang='lat'>‚</span> 
     </span>
    </p>
   </div>
   <div class='ocr_carea' id='block_1_9' title="bbox 820 1469 1259 1517">
    <p class='ocr_par' dir='ltr' id='par_1_11' title="bbox 820 1469 1259 1517">
     <span class='ocr_line' id='line_1_26' title="bbox 820 1469 1259 1517; baseline 0 -13"><span class='ocrx_word' id='word_1_138' title='bbox 820 1480 860 1506; x_wconf 88' lang='lat' dir='ltr'>ut</span> <span class='ocrx_word' id='word_1_139' title='bbox 873 1480 1009 1517; x_wconf 85' lang='lat' dir='ltr'>gratum</span> <span class='ocrx_word' id='word_1_140' title='bbox 1025 1469 1259 1506; x_wconf 76' lang='lat' dir='ltr'>commendat.</span> 
     </span>
    </p>
   </div>
   <div class='ocr_carea' id='block_1_10' title="bbox 675 1608 912 1664">
    <p class='ocr_par' dir='ltr' id='par_1_12' title="bbox 675 1608 912 1664">
     <span class='ocr_line' id='line_1_27' title="bbox 675 1608 912 1664; baseline 0.004 -1"><span class='ocrx_word' id='word_1_141' title='bbox 675 1608 912 1664; x_wconf 83' lang='lat' dir='ltr'>XXVI.</span> 
     </span>
    </p>
   </div>
   <div class='ocr_carea' id='block_1_11' title="bbox 717 1763 874 1792">
    <p class='ocr_par' dir='ltr' id='par_1_13' title="bbox 717 1763 874 1792">
     <span class='ocr_line' id='line_1_28' title="bbox 717 1763 874 1792; baseline 0 -1"><span class='ocrx_word' id='word_1_142' title='bbox 717 1763 874 1792; x_wconf 82' lang='lat' dir='ltr'>SORBA.</span> 
     </span>
    </p>
   </div>
   <div class='ocr_carea' id='block_1_12' title="bbox 160 1876 1356 2010">
    <p class='ocr_par' dir='ltr' id='par_1_14' title="bbox 160 1876 1356 2010">
     <span class='ocr_line' id='line_1_29' title="bbox 160 1876 1356 1934; baseline 0.002 -13"><span class='ocrx_word' id='word_1_143' title='bbox 160 1877 314 1922; x_wconf 79' lang='lat' dir='ltr'>SORBA</span> <span class='ocrx_word' id='word_1_144' title='bbox 341 1893 514 1934; x_wconf 75' lang='lat' dir='ltr'>sumus,</span> <span class='ocrx_word' id='word_1_145' title='bbox 541 1876 694 1921; x_wconf 89' lang='lat' dir='ltr'>molles</span> <span class='ocrx_word' id='word_1_146' title='bbox 720 1878 903 1921; x_wconf 85' lang='lat' dir='ltr'>nimium</span> <span class='ocrx_word' id='word_1_147' title='bbox 927 1877 1130 1922; x_wconf 84' lang='lat' dir='ltr'>durantia</span> <span class='ocrx_word' id='word_1_148' title='bbox 1154 1887 1356 1934; x_wconf 86' lang='lat' dir='ltr'>ventres;</span> 
     </span>
     <span class='ocr_line' id='line_1_30' title="bbox 228 1947 1298 2010; baseline 0.002 -19"><span class='ocrx_word' id='word_1_149' title='bbox 228 1947 383 2009; x_wconf 87' lang='lat' dir='ltr'>Aptius</span> <span class='ocrx_word' id='word_1_150' title='bbox 409 1948 501 1992; x_wconf 87' lang='lat' dir='ltr'>haec</span> <span class='ocrx_word' id='word_1_151' title='bbox 527 1965 690 2009; x_wconf 79' lang='lat' dir='ltr'>puero5</span> <span class='ocrx_word' id='word_1_152' title='bbox 713 1964 845 2009; x_wconf 87' lang='lat' dir='ltr'>quam</span> <span class='ocrx_word' id='word_1_153' title='bbox 870 1949 972 2006; x_wconf 80' lang='lat' dir='ltr'>tibi,</span> <span class='ocrx_word' id='word_1_154' title='bbox 1000 1965 1133 2010; x_wconf 85' lang='lat' dir='ltr'>poma</span> <span class='ocrx_word' id='word_1_155' title='bbox 1162 1949 1298 1993; x_wconf 87' lang='lat' dir='ltr'>dabis.</span> 
     </span>
    </p>
   </div>
   <div class='ocr_carea' id='block_1_13' title="bbox 157 2072 1308 2209">
    <p class='ocr_par' dir='ltr' id='par_1_15' title="bbox 157 2072 1308 2209">
     <span class='ocr_line' id='line_1_31' title="bbox 157 2072 1308 2137; baseline 0.003 -20"><span class='ocrx_word' id='word_1_156' title='bbox 157 2072 248 2118; x_wconf 79' lang='grc' dir='ltr'>Οὖα</span> <span class='ocrx_word' id='word_1_157' title='bbox 277 2076 346 2135; x_wconf 84' lang='grc' dir='ltr'>μὲν</span> <span class='ocrx_word' id='word_1_158' title='bbox 373 2076 512 2135; x_wconf 79' lang='grc' dir='ltr'>ἐσμὲν,</span> <span class='ocrx_word' id='word_1_159' title='bbox 536 2080 656 2137; x_wconf 77' lang='grc' dir='ltr'>ὑγρῆς</span> <span class='ocrx_word' id='word_1_160' title='bbox 682 2078 833 2137; x_wconf 74' lang='grc' dir='ltr'>’γαςρὸς</span> <span class='ocrx_word' id='word_1_161' title='bbox 860 2078 1128 2137; x_wconf 73' lang='grc' dir='ltr'>σκλῆρυντρον</span> <span class='ocrx_word' id='word_1_162' title='bbox 1156 2078 1308 2136; x_wconf 83' lang='grc' dir='ltr'>ὀπώρη·</span> 
     </span>
     <span class='ocr_line' id='line_1_32' title="bbox 226 2139 1150 2209; baseline 0.002 -21"><span class='ocrx_word' id='word_1_163' title='bbox 226 2139 354 2188; x_wconf 75' lang='grc' dir='ltr'>Παιδὶ</span> <span class='ocrx_word' id='word_1_164' title='bbox 381 2140 426 2189; x_wconf 74' lang='grc' dir='ltr'>δὲ</span> <span class='ocrx_word' id='word_1_165' title='bbox 452 2149 604 2206; x_wconf 77' lang='grc' dir='ltr'>μᾶλλον</span> <span class='ocrx_word' id='word_1_166' title='bbox 633 2148 752 2201; x_wconf 81' lang='grc' dir='ltr'>ἐοῦσ’,</span> <span class='ocrx_word' id='word_1_167' title='bbox 779 2149 824 2196; x_wconf 75' lang='grc' dir='ltr'>τ’,έ</span> <span class='ocrx_word' id='word_1_168' title='bbox 848 2164 934 2201; x_wconf 85' lang='grc' dir='ltr'>σοι,</span> <span class='ocrx_word' id='word_1_169' title='bbox 960 2141 1150 2209; x_wconf 69' lang='grc' dir='ltr'>ἀρμοδίη.</span> 
     </span>
    </p>
   </div>
   <div class='ocr_carea' id='block_1_14' title="bbox 87 2283 765 2700">
    <p class='ocr_par' dir='ltr' id='par_1_16' title="bbox 87 2283 765 2700">
     <span class='ocr_line' id='line_1_33' title="bbox 146 2283 764 2319; baseline 0.002 -1"><span class='ocrx_word' id='word_1_170' title='bbox 146 2296 176 2318; x_wconf 90' lang='lat'>1.</span> <span class='ocrx_word' id='word_1_171' title='bbox 197 2283 309 2318; x_wconf 87' lang='lat' dir='ltr'>Sorba.</span> <span class='ocrx_word' id='word_1_172' title='bbox 331 2284 464 2318; x_wconf 87' lang='lat' dir='ltr'>Gallice</span> <span class='ocrx_word' id='word_1_173' title='bbox 487 2285 541 2317; x_wconf 80' lang='lat' dir='ltr'>des</span> <span class='ocrx_word' id='word_1_174' title='bbox 562 2298 690 2319; x_wconf 75' lang='lat' dir='ltr'>cor-mes.</span> <span class='ocrx_word' id='word_1_175' title='bbox 712 2307 764 2311; x_wconf 91' lang='lat'>—-</span> 
     </span>
     <span class='ocr_line' id='line_1_34' title="bbox 87 2337 763 2380; baseline 0.004 -11"><span class='ocrx_word' id='word_1_176' title='bbox 87 2337 205 2370; x_wconf 84' lang='lat' dir='ltr'>Molles</span> <span class='ocrx_word' id='word_1_177' title='bbox 235 2337 384 2370; x_wconf 77' lang='lat' dir='ltr'>durantia</span> <span class='ocrx_word' id='word_1_178' title='bbox 421 2345 559 2372; x_wconf 77' lang='lat' dir='ltr'>ventres.</span> <span class='ocrx_word' id='word_1_179' title='bbox 583 2339 660 2372; x_wconf 89' lang='lat' dir='ltr'>Hoc</span> <span class='ocrx_word' id='word_1_180' title='bbox 689 2347 763 2380; x_wconf 66' lang='lat' dir='ltr'>est,</span> 
     </span>
     <span class='ocr_line' id='line_1_35' title="bbox 89 2389 765 2437; baseline 0.004 -15"><span class='ocrx_word' id='word_1_181' title='bbox 89 2390 307 2423; x_wconf 86' lang='lat' dir='ltr'>stomachum</span> <span class='ocrx_word' id='word_1_182' title='bbox 323 2389 586 2437; x_wconf 79' lang='lat' dir='ltr'>adstringentia‚</span> <span class='ocrx_word' id='word_1_183' title='bbox 604 2400 639 2436; x_wconf 85' lang='lat' dir='ltr'>et</span> <span class='ocrx_word' id='word_1_184' title='bbox 654 2392 765 2425; x_wconf 78' lang='lat' dir='ltr'>lubri-</span> 
     </span>
     <span class='ocr_line' id='line_1_36' title="bbox 89 2442 764 2478; baseline 0.004 -3"><span class='ocrx_word' id='word_1_185' title='bbox 89 2454 165 2475; x_wconf 86' lang='lat' dir='ltr'>cam</span> <span class='ocrx_word' id='word_1_186' title='bbox 199 2442 352 2476; x_wconf 84' lang='lat' dir='ltr'>sistentia</span> <span class='ocrx_word' id='word_1_187' title='bbox 383 2444 511 2477; x_wconf 81' lang='lat' dir='ltr'>alvum.</span> <span class='ocrx_word' id='word_1_188' title='bbox 533 2443 630 2478; x_wconf 88' lang='lat' dir='ltr'>Idem</span> <span class='ocrx_word' id='word_1_189' title='bbox 667 2445 764 2478; x_wconf 90' lang='lat' dir='ltr'>aiunt</span> 
     </span>
     <span class='ocr_line' id='line_1_37' title="bbox 90 2494 764 2543; baseline 0.006 -16"><span class='ocrx_word' id='word_1_190' title='bbox 90 2494 311 2528; x_wconf 88' lang='lat' dir='ltr'>Dioscorides</span> <span class='ocrx_word' id='word_1_191' title='bbox 326 2521 335 2537; x_wconf 93' lang='lat'><strong><em>‚</em></strong></span> <span class='ocrx_word' id='word_1_192' title='bbox 363 2496 425 2529; x_wconf 89' lang='lat' dir='ltr'>lib.</span> <span class='ocrx_word' id='word_1_193' title='bbox 452 2498 488 2537; x_wconf 95' lang='grc' dir='ltr'>Ι,</span> <span class='ocrx_word' id='word_1_194' title='bbox 508 2510 584 2543; x_wconf 88' lang='lat' dir='ltr'>cap.</span> <span class='ocrx_word' id='word_1_195' title='bbox 617 2498 709 2542; x_wconf 77' lang='lat'>173,</span> <span class='ocrx_word' id='word_1_196' title='bbox 730 2506 764 2531; x_wconf 91' lang='lat' dir='ltr'>et</span> 
     </span>
     <span class='ocr_line' id='line_1_38' title="bbox 89 2547 761 2596; baseline 0.003 -16"><span class='ocrx_word' id='word_1_197' title='bbox 89 2547 223 2581; x_wconf 85' lang='lat' dir='ltr'>Plinius</span> <span class='ocrx_word' id='word_1_198' title='bbox 258 2547 320 2581; x_wconf 88' lang='lat' dir='ltr'>lib.</span> <span class='ocrx_word' id='word_1_199' title='bbox 354 2549 501 2590; x_wconf 92' lang='lat' dir='ltr'>XVIII,</span> <span class='ocrx_word' id='word_1_200' title='bbox 522 2563 596 2596; x_wconf 80' lang='lat' dir='ltr'>cap.</span> <span class='ocrx_word' id='word_1_201' title='bbox 622 2564 656 2595; x_wconf 92' lang='lat'>7.</span> <span class='ocrx_word' id='word_1_202' title='bbox 676 2550 761 2584; x_wconf 86' lang='lat' dir='ltr'>Vid.</span> 
     </span>
     <span class='ocr_line' id='line_1_39' title="bbox 89 2599 762 2648; baseline 0.007 -16"><span class='ocrx_word' id='word_1_203' title='bbox 89 2608 255 2645; x_wconf 77' lang='lat' dir='ltr'>praeterea</span> <span class='ocrx_word' id='word_1_204' title='bbox 272 2599 365 2633; x_wconf 87' lang='lat' dir='ltr'>idem</span> <span class='ocrx_word' id='word_1_205' title='bbox 379 2601 468 2634; x_wconf 87' lang='lat' dir='ltr'>Plin.</span> <span class='ocrx_word' id='word_1_206' title='bbox 488 2602 548 2635; x_wconf 90' lang='lat' dir='ltr'>lib.</span> <span class='ocrx_word' id='word_1_207' title='bbox 568 2604 672 2644; x_wconf 91' lang='lat' dir='ltr'>XVI,</span> <span class='ocrx_word' id='word_1_208' title='bbox 686 2616 762 2648; x_wconf 78' lang='lat' dir='ltr'>cap.</span> 
     </span>
     <span class='ocr_line' id='line_1_40' title="bbox 94 2652 762 2700; baseline 0.007 -15"><span class='ocrx_word' id='word_1_209' title='bbox 94 2665 152 2694; x_wconf 84' lang='lat'>21,</span> <span class='ocrx_word' id='word_1_210' title='bbox 171 2652 231 2686; x_wconf 86' lang='lat' dir='ltr'>ubi</span> <span class='ocrx_word' id='word_1_211' title='bbox 255 2662 404 2698; x_wconf 82' lang='lat' dir='ltr'>quatuor</span> <span class='ocrx_word' id='word_1_212' title='bbox 433 2655 618 2688; x_wconf 81' lang='lat' dir='ltr'>sorborum</span> <span class='ocrx_word' id='word_1_213' title='bbox 638 2669 762 2700; x_wconf 85' lang='lat' dir='ltr'>genera</span> 
     </span>
    </p>
   </div>
   <div class='ocr_carea' id='block_1_15' title="bbox 823 2285 1504 2702">
    <p class='ocr_par' dir='ltr' id='par_1_17' title="bbox 823 2285 1499 2385">
     <span class='ocr_line' id='line_1_41' title="bbox 823 2285 1499 2333; baseline 0.001 -14"><span class='ocrx_word' id='word_1_214' title='bbox 823 2285 1008 2331; x_wconf 86' lang='lat' dir='ltr'>distinguit</span> <span class='ocrx_word' id='word_1_215' title='bbox 1026 2313 1035 2327; x_wconf 96' lang='lat'><strong><em>‚</em></strong></span> <span class='ocrx_word' id='word_1_216' title='bbox 1071 2295 1105 2320; x_wconf 83' lang='lat' dir='ltr'>et</span> <span class='ocrx_word' id='word_1_217' title='bbox 1138 2286 1400 2333; x_wconf 83' lang='lat' dir='ltr'>Theophrastus</span> <span class='ocrx_word' id='word_1_218' title='bbox 1438 2286 1499 2321; x_wconf 90' lang='lat' dir='ltr'>lib.</span> 
     </span>
     <span class='ocr_line' id='line_1_42' title="bbox 824 2339 1078 2385; baseline 0 -13"><span class='ocrx_word' id='word_1_219' title='bbox 824 2339 878 2372; x_wconf 91' lang='lat' dir='ltr'>III</span> <span class='ocrx_word' id='word_1_220' title='bbox 889 2364 898 2379; x_wconf 94' lang='lat'>‚</span> <span class='ocrx_word' id='word_1_221' title='bbox 919 2351 996 2385; x_wconf 85' lang='lat' dir='ltr'>cap.</span> <span class='ocrx_word' id='word_1_222' title='bbox 1023 2351 1036 2372; x_wconf 85' lang='lat'>1</span> <span class='ocrx_word' id='word_1_223' title='bbox 1048 2353 1078 2372; x_wconf 88' lang='lat'>2.</span> 
     </span>
    </p>

    <p class='ocr_par' dir='ltr' id='par_1_18' title="bbox 823 2393 1504 2702">
     <span class='ocr_line' id='line_1_43' title="bbox 879 2393 1502 2439; baseline 0.002 -15"><span class='ocrx_word' id='word_1_224' title='bbox 879 2404 896 2424; x_wconf 86' lang='lat'><strong>2</strong></span> <span class='ocrx_word' id='word_1_225' title='bbox 904 2419 912 2425; x_wconf 91' lang='lat'>.</span> <span class='ocrx_word' id='word_1_226' title='bbox 922 2393 1045 2426; x_wconf 60' lang='lat' dir='ltr'><em>Damas</em></span> <span class='ocrx_word' id='word_1_227' title='bbox 1053 2393 1124 2426; x_wconf 87' lang='lat' dir='ltr'>Pal.</span> <span class='ocrx_word' id='word_1_228' title='bbox 1140 2406 1205 2439; x_wconf 89' lang='lat' dir='ltr'>pro</span> <span class='ocrx_word' id='word_1_229' title='bbox 1217 2393 1318 2427; x_wconf 73' lang='lat' dir='ltr'>dabis.</span> <span class='ocrx_word' id='word_1_230' title='bbox 1329 2393 1502 2438; x_wconf 72' lang='lat' dir='ltr'>—Aptius</span> 
     </span>
     <span class='ocr_line' id='line_1_44' title="bbox 824 2445 1504 2491; baseline 0.001 -14"><span class='ocrx_word' id='word_1_231' title='bbox 824 2445 890 2478; x_wconf 78' lang='lat' dir='ltr'>lzaec</span> <span class='ocrx_word' id='word_1_232' title='bbox 911 2459 1021 2490; x_wconf 77' lang='lat' dir='ltr'>puero,</span> <span class='ocrx_word' id='word_1_233' title='bbox 1045 2445 1142 2491; x_wconf 83' lang='lat' dir='ltr'>Saepe</span> <span class='ocrx_word' id='word_1_234' title='bbox 1162 2447 1256 2479; x_wconf 89' lang='lat' dir='ltr'>enim</span> <span class='ocrx_word' id='word_1_235' title='bbox 1276 2446 1342 2479; x_wconf 83' lang='lat' dir='ltr'>alvi</span> <span class='ocrx_word' id='word_1_236' title='bbox 1367 2445 1504 2490; x_wconf 42' lang='lat' dir='ltr'>profluv-</span> 
     </span>
     <span class='ocr_line' id='line_1_45' title="bbox 824 2499 1502 2544; baseline 0 -13"><span class='ocrx_word' id='word_1_237' title='bbox 824 2499 882 2532; x_wconf 90' lang='lat' dir='ltr'>vio</span> <span class='ocrx_word' id='word_1_238' title='bbox 910 2499 1070 2533; x_wconf 85' lang='lat' dir='ltr'>laborant</span> <span class='ocrx_word' id='word_1_239' title='bbox 1100 2499 1211 2544; x_wconf 88' lang='lat' dir='ltr'>pueri.</span> <span class='ocrx_word' id='word_1_240' title='bbox 1249 2499 1354 2531; x_wconf 86' lang='lat' dir='ltr'>Forte</span> <span class='ocrx_word' id='word_1_241' title='bbox 1385 2499 1502 2531; x_wconf 87' lang='lat' dir='ltr'>subest</span> 
     </span>
     <span class='ocr_line' id='line_1_46' title="bbox 824 2549 1502 2597; baseline -0.001 -13"><span class='ocrx_word' id='word_1_242' title='bbox 824 2550 957 2596; x_wconf 80' lang='lat' dir='ltr'>aliquid</span> <span class='ocrx_word' id='word_1_243' title='bbox 968 2552 1129 2597; x_wconf 83' lang='lat' dir='ltr'>nequius,</span> <span class='ocrx_word' id='word_1_244' title='bbox 1138 2559 1282 2597; x_wconf 82' lang='lat' dir='ltr'>propter</span> <span class='ocrx_word' id='word_1_245' title='bbox 1292 2549 1380 2583; x_wconf 87' lang='lat' dir='ltr'>illud</span> <span class='ocrx_word' id='word_1_246' title='bbox 1388 2550 1502 2584; x_wconf 83' lang='lat' dir='ltr'>Gildae</span> 
     </span>
     <span class='ocr_line' id='line_1_47' title="bbox 823 2605 1500 2649; baseline -0.001 -12"><span class='ocrx_word' id='word_1_247' title='bbox 823 2605 859 2637; x_wconf 89' lang='lat' dir='ltr'>in</span> <span class='ocrx_word' id='word_1_248' title='bbox 877 2605 1032 2646; x_wconf 88' lang='lat' dir='ltr'>Querolo</span> <span class='ocrx_word' id='word_1_249' title='bbox 1051 2616 1057 2636; x_wconf 89' lang='lat'>:</span> <span class='ocrx_word' id='word_1_250' title='bbox 1080 2605 1164 2637; x_wconf 77' lang='lat' dir='ltr'>Nam</span> <span class='ocrx_word' id='word_1_251' title='bbox 1180 2607 1208 2637; x_wconf 86' lang='grc' dir='ltr'>.ςί</span> <span class='ocrx_word' id='word_1_252' title='bbox 1223 2607 1347 2649; x_wconf 74' lang='lat' dir='ltr'>insuper</span> <span class='ocrx_word' id='word_1_253' title='bbox 1364 2617 1455 2636; x_wconf 82' lang='lat' dir='ltr'>nuces</span> <span class='ocrx_word' id='word_1_254' title='bbox 1469 2612 1500 2636; x_wconf 86' lang='lat' dir='ltr'>et</span> 
     </span>
     <span class='ocr_line' id='line_1_48' title="bbox 823 2657 1498 2702; baseline 0.001 -13"><span class='ocrx_word' id='word_1_255' title='bbox 823 2657 914 2690; x_wconf 69' lang='lat' dir='ltr'>sot-ha</span> <span class='ocrx_word' id='word_1_256' title='bbox 930 2657 1064 2697; x_wconf 77' lang='lat' dir='ltr'>dederis,</span> <span class='ocrx_word' id='word_1_257' title='bbox 1089 2665 1183 2690; x_wconf 79' lang='lat' dir='ltr'>tolum</span> <span class='ocrx_word' id='word_1_258' title='bbox 1196 2657 1352 2702; x_wconf 76' lang='lat' dir='ltr'>pupillum</span> <span class='ocrx_word' id='word_1_259' title='bbox 1370 2658 1498 2701; x_wconf 76' lang='lat' dir='ltr'>ceperis,</span> 
     </span>
    </p>
   </div>
  </div>
 </body>
</html>
