<?xml version="1.0" encoding="UTF-8"?>
<!DOCTYPE html PUBLIC "-//W3C//DTD XHTML 1.0 Transitional//EN"
    "http://www.w3.org/TR/xhtml1/DTD/xhtml1-transitional.dtd">
<html xmlns="http://www.w3.org/1999/xhtml" xml:lang="en" lang="en">
 <head>
  <title>
</title>
<meta http-equiv="Content-Type" content="text/html;charset=utf-8" />
  <meta name='ocr-system' content='tesseract 3.04.00' />
  <meta name='ocr-capabilities' content='ocr_page ocr_carea ocr_par ocr_line ocrx_word'/>
</head>
<body>
  <div class='ocr_page' id='page_1' title='image "./epigrammata03martuoft/epigrammata03martuoft_0320.png"; bbox 0 0 2044 3292; ppageno 0'>
   <div class='ocr_carea' id='block_1_1' title="bbox 530 209 625 261">
    <p class='ocr_par' dir='ltr' id='par_1_1' title="bbox 530 209 625 261">
     <span class='ocr_line' id='line_1_1' title="bbox 530 209 625 261; baseline -0.021 -10"><span class='ocrx_word' id='word_1_1' title='bbox 530 209 625 261; x_wconf 70' lang='lat'>&#39;242</span> 
     </span>
    </p>
   </div>
   <div class='ocr_carea' id='block_1_2' title="bbox 909 205 1558 248">
    <p class='ocr_par' dir='ltr' id='par_1_2' title="bbox 909 205 1558 248">
     <span class='ocr_line' id='line_1_2' title="bbox 909 205 1558 248; baseline 0.002 -1"><span class='ocrx_word' id='word_1_2' title='bbox 909 206 969 247; x_wconf 84' lang='lat' dir='ltr'>M.</span> <span class='ocrx_word' id='word_1_3' title='bbox 995 206 1133 247; x_wconf 85' lang='lat' dir='ltr'>VAL.</span> <span class='ocrx_word' id='word_1_4' title='bbox 1175 205 1558 248; x_wconf 84' lang='lat' dir='ltr'>MARTIALIS</span> 
     </span>
    </p>
   </div>
   <div class='ocr_carea' id='block_1_3' title="bbox 1022 355 1432 412">
    <p class='ocr_par' dir='ltr' id='par_1_3' title="bbox 1022 355 1432 412">
     <span class='ocr_line' id='line_1_3' title="bbox 1022 355 1432 412; baseline -0.005 0"><span class='ocrx_word' id='word_1_5' title='bbox 1022 355 1432 412; x_wconf 84' lang='lat' dir='ltr'>CXXXVII.</span> 
     </span>
    </p>
   </div>
   <div class='ocr_carea' id='block_1_4' title="bbox 992 492 1465 541">
    <p class='ocr_par' dir='ltr' id='par_1_4' title="bbox 992 492 1465 541">
     <span class='ocr_line' id='line_1_4' title="bbox 992 492 1465 541; baseline 0 -3"><span class='ocrx_word' id='word_1_6' title='bbox 992 511 1246 540; x_wconf 77' lang='lat' dir='ltr'>LACERNAE</span> <span class='ocrx_word' id='word_1_7' title='bbox 1289 492 1465 541; x_wconf 54' lang='lat' dir='ltr'>Arnffif</span> 
     </span>
    </p>
   </div>
   <div class='ocr_carea' id='block_1_5' title="bbox 595 634 1777 767">
    <p class='ocr_par' dir='ltr' id='par_1_5' title="bbox 595 634 1777 767">
     <span class='ocr_line' id='line_1_5' title="bbox 595 634 1777 692; baseline -0.003 -9"><span class='ocrx_word' id='word_1_8' title='bbox 595 643 1059 683; x_wconf 62' lang='lat' dir='ltr'>Ampmmmrmms</span> <span class='ocrx_word' id='word_1_9' title='bbox 1088 651 1165 678; x_wconf 88' lang='lat' dir='ltr'>nos</span> <span class='ocrx_word' id='word_1_10' title='bbox 1189 634 1547 679; x_wconf 84' lang='lat' dir='ltr'>commendamur</span> <span class='ocrx_word' id='word_1_11' title='bbox 1574 635 1627 678; x_wconf 89' lang='lat' dir='ltr'>ad</span> <span class='ocrx_word' id='word_1_12' title='bbox 1654 652 1777 692; x_wconf 92' lang='lat' dir='ltr'>usus,</span> 
     </span>
     <span class='ocr_line' id='line_1_6' title="bbox 663 704 1698 767; baseline -0.001 -17"><span class='ocrx_word' id='word_1_13' title='bbox 663 710 811 765; x_wconf 84' lang='lat' dir='ltr'>Quum</span> <span class='ocrx_word' id='word_1_14' title='bbox 843 706 948 766; x_wconf 87' lang='lat' dir='ltr'>tegit</span> <span class='ocrx_word' id='word_1_15' title='bbox 977 705 1170 765; x_wconf 82' lang='lat' dir='ltr'>algentes</span> <span class='ocrx_word' id='word_1_16' title='bbox 1198 715 1344 750; x_wconf 87' lang='lat' dir='ltr'>nostra</span> <span class='ocrx_word' id='word_1_17' title='bbox 1369 704 1539 750; x_wconf 85' lang='lat' dir='ltr'>lacerna</span> <span class='ocrx_word' id='word_1_18' title='bbox 1565 716 1698 767; x_wconf 85' lang='lat' dir='ltr'>togas.</span> 
     </span>
    </p>
   </div>
   <div class='ocr_carea' id='block_1_6' title="bbox 592 840 1581 976">
    <p class='ocr_par' dir='ltr' id='par_1_6' title="bbox 592 840 1581 976">
     <span class='ocr_line' id='line_1_7' title="bbox 592 840 1581 907; baseline -0.003 -16"><span class='ocrx_word' id='word_1_19' title='bbox 592 840 792 907; x_wconf 75' lang='grc' dir='ltr'>Ωφέλιμοι</span> <span class='ocrx_word' id='word_1_20' title='bbox 812 848 977 906; x_wconf 83' lang='grc' dir='ltr'>φέρομεν</span> <span class='ocrx_word' id='word_1_21' title='bbox 998 846 1121 888; x_wconf 83' lang='grc' dir='ltr'>πολὺν</span> <span class='ocrx_word' id='word_1_22' title='bbox 1143 843 1247 888; x_wconf 79' lang='grc' dir='ltr'>αἶνον</span> <span class='ocrx_word' id='word_1_23' title='bbox 1265 847 1302 887; x_wconf 83' lang='grc' dir='ltr'>ἐν</span> <span class='ocrx_word' id='word_1_24' title='bbox 1324 845 1581 906; x_wconf 80' lang='grc' dir='ltr'>ἀμφιθεάτρῳ</span> 
     </span>
     <span class='ocr_line' id='line_1_8' title="bbox 661 907 1576 976; baseline -0.002 -15"><span class='ocrx_word' id='word_1_25' title='bbox 661 907 740 961; x_wconf 55' lang='grc' dir='ltr'>ἡδ’</span> <span class='ocrx_word' id='word_1_26' title='bbox 766 920 833 960; x_wconf 79' lang='grc' dir='ltr'>ὅτε</span> <span class='ocrx_word' id='word_1_27' title='bbox 855 912 1057 966; x_wconf 63' lang='grc' dir='ltr'>τηὲέννοις</span> <span class='ocrx_word' id='word_1_28' title='bbox 1082 918 1167 958; x_wconf 83' lang='grc' dir='ltr'>ἐστι</span> <span class='ocrx_word' id='word_1_29' title='bbox 1188 916 1381 976; x_wconf 78' lang='grc' dir='ltr'>κάλυμμα</span> <span class='ocrx_word' id='word_1_30' title='bbox 1404 918 1576 976; x_wconf 76' lang='grc' dir='ltr'><strong>χλαμός.</strong></span> 
     </span>
    </p>
   </div>
   <div class='ocr_carea' id='block_1_7' title="bbox 520 1060 1196 1785">
    <p class='ocr_par' dir='ltr' id='par_1_7' title="bbox 520 1060 1196 1785">
     <span class='ocr_line' id='line_1_9' title="bbox 574 1060 1194 1098; baseline -0.008 0"><span class='ocrx_word' id='word_1_31' title='bbox 574 1063 589 1078; x_wconf 79' lang='lat'><em>*</em></span> <span class='ocrx_word' id='word_1_32' title='bbox 612 1065 761 1098; x_wconf 78' lang='lat' dir='ltr'>Lacernae</span> <span class='ocrx_word' id='word_1_33' title='bbox 786 1063 925 1096; x_wconf 78' lang='lat' dir='ltr'>albeticae</span> <span class='ocrx_word' id='word_1_34' title='bbox 953 1060 1030 1095; x_wconf 87' lang='lat' dir='ltr'>cod.</span> <span class='ocrx_word' id='word_1_35' title='bbox 1055 1060 1194 1094; x_wconf 86' lang='lat' dir='ltr'>Thuan.</span> 
     </span>
     <span class='ocr_line' id='line_1_10' title="bbox 521 1113 1196 1157; baseline -0.009 -4"><span class='ocrx_word' id='word_1_36' title='bbox 521 1120 695 1157; x_wconf 75' lang='lat' dir='ltr'>Lucerna,</span> <span class='ocrx_word' id='word_1_37' title='bbox 716 1128 786 1150; x_wconf 89' lang='lat' dir='ltr'>una</span> <span class='ocrx_word' id='word_1_38' title='bbox 805 1128 846 1150; x_wconf 87' lang='lat' dir='ltr'>ex</span> <span class='ocrx_word' id='word_1_39' title='bbox 863 1113 1094 1149; x_wconf 82' lang='lat' dir='ltr'>usitatissimis</span> <span class='ocrx_word' id='word_1_40' title='bbox 1113 1122 1196 1147; x_wconf 90' lang='lat' dir='ltr'>tunc</span> 
     </span>
     <span class='ocr_line' id='line_1_11' title="bbox 522 1166 1192 1217; baseline -0.009 -12"><span class='ocrx_word' id='word_1_41' title='bbox 522 1169 618 1217; x_wconf 82' lang='lat' dir='ltr'>apud</span> <span class='ocrx_word' id='word_1_42' title='bbox 632 1171 806 1203; x_wconf 85' lang='lat' dir='ltr'>Romanos</span> <span class='ocrx_word' id='word_1_43' title='bbox 820 1167 972 1202; x_wconf 88' lang='lat' dir='ltr'>vestibus</span> <span class='ocrx_word' id='word_1_44' title='bbox 983 1193 992 1208; x_wconf 90' lang='lat'><strong>‚</strong></span> <span class='ocrx_word' id='word_1_45' title='bbox 1005 1167 1110 1200; x_wconf 87' lang='lat' dir='ltr'>breve</span> <span class='ocrx_word' id='word_1_46' title='bbox 1121 1166 1192 1212; x_wconf 81' lang='lat' dir='ltr'>pal-</span> 
     </span>
     <span class='ocr_line' id='line_1_12' title="bbox 521 1219 1195 1267; baseline -0.01 -9"><span class='ocrx_word' id='word_1_47' title='bbox 521 1225 644 1258; x_wconf 84' lang='lat' dir='ltr'>liolum</span> <span class='ocrx_word' id='word_1_48' title='bbox 660 1223 744 1263; x_wconf 84' lang='lat' dir='ltr'>fuit,</span> <span class='ocrx_word' id='word_1_49' title='bbox 760 1220 856 1267; x_wconf 87' lang='lat' dir='ltr'>quod</span> <span class='ocrx_word' id='word_1_50' title='bbox 873 1220 960 1266; x_wconf 86' lang='lat' dir='ltr'>togis</span> <span class='ocrx_word' id='word_1_51' title='bbox 973 1219 1027 1253; x_wconf 91' lang='lat' dir='ltr'>vel</span> <span class='ocrx_word' id='word_1_52' title='bbox 1037 1231 1117 1265; x_wconf 87' lang='lat' dir='ltr'>sago</span> <span class='ocrx_word' id='word_1_53' title='bbox 1130 1219 1195 1252; x_wconf 90' lang='lat' dir='ltr'>mi-</span> 
     </span>
     <span class='ocr_line' id='line_1_13' title="bbox 520 1272 1195 1321; baseline -0.01 -10"><span class='ocrx_word' id='word_1_54' title='bbox 520 1277 614 1311; x_wconf 85' lang='lat' dir='ltr'>litari</span> <span class='ocrx_word' id='word_1_55' title='bbox 635 1275 867 1321; x_wconf 86' lang='lat' dir='ltr'>injiciebatur.</span> <span class='ocrx_word' id='word_1_56' title='bbox 880 1272 1056 1306; x_wconf 88' lang='lat' dir='ltr'>Videntur</span> <span class='ocrx_word' id='word_1_57' title='bbox 1078 1281 1195 1306; x_wconf 87' lang='lat' dir='ltr'>autem</span> 
     </span>
     <span class='ocr_line' id='line_1_14' title="bbox 521 1325 1193 1375; baseline -0.01 -11"><span class='ocrx_word' id='word_1_58' title='bbox 521 1328 658 1375; x_wconf 81' lang='lat' dir='ltr'>antiqui</span> <span class='ocrx_word' id='word_1_59' title='bbox 699 1327 743 1361; x_wconf 85' lang='lat' dir='ltr'>ad</span> <span class='ocrx_word' id='word_1_60' title='bbox 784 1327 1003 1360; x_wconf 82' lang='lat' dir='ltr'>lacernarum</span> <span class='ocrx_word' id='word_1_61' title='bbox 1041 1325 1193 1359; x_wconf 90' lang='lat' dir='ltr'>colorem</span> 
     </span>
     <span class='ocr_line' id='line_1_15' title="bbox 520 1378 1192 1423; baseline -0.009 -7"><span class='ocrx_word' id='word_1_62' title='bbox 520 1382 670 1416; x_wconf 83' lang='lat' dir='ltr'>maxime</span> <span class='ocrx_word' id='word_1_63' title='bbox 695 1379 895 1414; x_wconf 87' lang='lat' dir='ltr'>attendisse.</span> <span class='ocrx_word' id='word_1_64' title='bbox 919 1378 1192 1423; x_wconf 77' lang='lat' dir='ltr'>Amethystinae,</span> 
     </span>
     <span class='ocr_line' id='line_1_16' title="bbox 520 1428 1193 1477; baseline -0.009 -8"><span class='ocrx_word' id='word_1_65' title='bbox 520 1435 689 1469; x_wconf 85' lang='lat' dir='ltr'>coccineae</span> <span class='ocrx_word' id='word_1_66' title='bbox 703 1431 785 1473; x_wconf 87' lang='lat' dir='ltr'>(lib.</span> <span class='ocrx_word' id='word_1_67' title='bbox 802 1432 901 1473; x_wconf 88' lang='lat' dir='ltr'>XIV,</span> <span class='ocrx_word' id='word_1_68' title='bbox 920 1431 1027 1477; x_wconf 83' lang='lat' dir='ltr'>epigr.</span> <span class='ocrx_word' id='word_1_69' title='bbox 1047 1428 1193 1475; x_wconf 76' lang='lat' dir='ltr'>cxxxl),</span> 
     </span>
     <span class='ocr_line' id='line_1_17' title="bbox 521 1483 1193 1534; baseline -0.009 -13"><span class='ocrx_word' id='word_1_70' title='bbox 521 1497 775 1534; x_wconf 85' lang='lat' dir='ltr'>purpureaeque</span> <span class='ocrx_word' id='word_1_71' title='bbox 789 1485 902 1518; x_wconf 88' lang='lat' dir='ltr'>lautos</span> <span class='ocrx_word' id='word_1_72' title='bbox 914 1484 1007 1517; x_wconf 82' lang='lat' dir='ltr'>viros</span> <span class='ocrx_word' id='word_1_73' title='bbox 1020 1492 1053 1517; x_wconf 87' lang='lat' dir='ltr'>et</span> <span class='ocrx_word' id='word_1_74' title='bbox 1071 1483 1193 1516; x_wconf 88' lang='lat' dir='ltr'>molles</span> 
     </span>
     <span class='ocr_line' id='line_1_18' title="bbox 520 1536 1192 1582; baseline -0.007 -9"><span class='ocrx_word' id='word_1_75' title='bbox 520 1539 732 1574; x_wconf 82' lang='lat' dir='ltr'>indicabant.</span> <span class='ocrx_word' id='word_1_76' title='bbox 752 1538 825 1571; x_wconf 86' lang='lat' dir='ltr'>Illis</span> <span class='ocrx_word' id='word_1_77' title='bbox 846 1545 962 1571; x_wconf 86' lang='lat' dir='ltr'>autem</span> <span class='ocrx_word' id='word_1_78' title='bbox 981 1548 1059 1582; x_wconf 86' lang='lat' dir='ltr'>quae</span> <span class='ocrx_word' id='word_1_79' title='bbox 1077 1536 1192 1581; x_wconf 86' lang='lat' dir='ltr'>splen-</span> 
     </span>
     <span class='ocr_line' id='line_1_19' title="bbox 521 1589 1192 1635; baseline -0.006 -9"><span class='ocrx_word' id='word_1_80' title='bbox 521 1592 613 1627; x_wconf 84' lang='lat' dir='ltr'>didae</span> <span class='ocrx_word' id='word_1_81' title='bbox 639 1591 775 1632; x_wconf 88' lang='lat' dir='ltr'>minus,</span> <span class='ocrx_word' id='word_1_82' title='bbox 802 1603 836 1623; x_wconf 90' lang='lat' dir='ltr'>v.</span> <span class='ocrx_word' id='word_1_83' title='bbox 866 1602 897 1635; x_wconf 85' lang='lat' dir='ltr'>g.</span> <span class='ocrx_word' id='word_1_84' title='bbox 925 1590 1048 1629; x_wconf 81' lang='lat' dir='ltr'>fuscae,</span> <span class='ocrx_word' id='word_1_85' title='bbox 1074 1589 1192 1622; x_wconf 88' lang='lat' dir='ltr'>leuco-</span> 
     </span>
     <span class='ocr_line' id='line_1_20' title="bbox 522 1641 1193 1692; baseline -0.009 -13"><span class='ocrx_word' id='word_1_86' title='bbox 522 1646 629 1692; x_wconf 78' lang='lat' dir='ltr'>phaeae</span> <span class='ocrx_word' id='word_1_87' title='bbox 641 1670 651 1685; x_wconf 88' lang='lat'>‚</span> <span class='ocrx_word' id='word_1_88' title='bbox 669 1644 724 1678; x_wconf 86' lang='lat' dir='ltr'>vel</span> <span class='ocrx_word' id='word_1_89' title='bbox 736 1643 840 1684; x_wconf 83' lang='lat' dir='ltr'>rufae,</span> <span class='ocrx_word' id='word_1_90' title='bbox 856 1642 909 1676; x_wconf 89' lang='lat' dir='ltr'>vel</span> <span class='ocrx_word' id='word_1_91' title='bbox 927 1641 1069 1675; x_wconf 88' lang='lat' dir='ltr'>demum</span> <span class='ocrx_word' id='word_1_92' title='bbox 1087 1641 1193 1686; x_wconf 79' lang='lat' dir='ltr'>nigrae</span> 
     </span>
     <span class='ocr_line' id='line_1_21' title="bbox 520 1694 1190 1743; baseline -0.007 -12"><span class='ocrx_word' id='word_1_93' title='bbox 520 1706 637 1738; x_wconf 80' lang='lat' dir='ltr'>erant,</span> <span class='ocrx_word' id='word_1_94' title='bbox 650 1695 853 1743; x_wconf 85' lang='lat' dir='ltr'>philosophi</span> <span class='ocrx_word' id='word_1_95' title='bbox 866 1695 986 1740; x_wconf 89' lang='lat' dir='ltr'>vulgo,</span> <span class='ocrx_word' id='word_1_96' title='bbox 1004 1703 1038 1727; x_wconf 93' lang='lat' dir='ltr'>et</span> <span class='ocrx_word' id='word_1_97' title='bbox 1055 1694 1190 1739; x_wconf 86' lang='lat' dir='ltr'>sapien-</span> 
     </span>
     <span class='ocr_line' id='line_1_22' title="bbox 523 1746 1192 1785; baseline -0.007 0"><span class='ocrx_word' id='word_1_98' title='bbox 523 1752 577 1785; x_wconf 80' lang='lat' dir='ltr'>tiae</span> <span class='ocrx_word' id='word_1_99' title='bbox 597 1751 650 1784; x_wconf 78' lang='lat' dir='ltr'>vel</span> <span class='ocrx_word' id='word_1_100' title='bbox 666 1748 859 1783; x_wconf 83' lang='lat' dir='ltr'>severitatis</span> <span class='ocrx_word' id='word_1_101' title='bbox 872 1746 1010 1780; x_wconf 84' lang='lat' dir='ltr'>laudem</span> <span class='ocrx_word' id='word_1_102' title='bbox 1029 1754 1192 1780; x_wconf 87' lang='lat' dir='ltr'>venantes</span> 
     </span>
    </p>
   </div>
   <div class='ocr_carea' id='block_1_8' title="bbox 520 1798 1189 1844">
    <p class='ocr_par' dir='ltr' id='par_1_8' title="bbox 520 1798 1189 1844">
     <span class='ocr_line' id='line_1_23' title="bbox 520 1798 1189 1844; baseline -0.007 -7"><span class='ocrx_word' id='word_1_103' title='bbox 520 1802 773 1837; x_wconf 82' lang='lat' dir='ltr'>induebantur.</span> <span class='ocrx_word' id='word_1_104' title='bbox 793 1799 900 1834; x_wconf 85' lang='lat' dir='ltr'>Unde</span> <span class='ocrx_word' id='word_1_105' title='bbox 930 1800 990 1834; x_wconf 85' lang='lat' dir='ltr'>lib.</span> <span class='ocrx_word' id='word_1_106' title='bbox 1017 1800 1052 1840; x_wconf 93' lang='grc' dir='ltr'>Ι,</span> <span class='ocrx_word' id='word_1_107' title='bbox 1079 1798 1189 1844; x_wconf 88' lang='lat' dir='ltr'>epigr.</span> 
     </span>
    </p>
   </div>
   <div class='ocr_carea' id='block_1_9' title="bbox 521 1851 1194 1898">
    <p class='ocr_par' dir='ltr' id='par_1_9' title="bbox 521 1851 1194 1898">
     <span class='ocr_line' id='line_1_24' title="bbox 521 1851 1194 1898; baseline -0.007 -8"><span class='ocrx_word' id='word_1_108' title='bbox 521 1868 615 1890; x_wconf 79' lang='lat' dir='ltr'>xcvn</span> <span class='ocrx_word' id='word_1_109' title='bbox 627 1881 635 1896; x_wconf 89' lang='lat'>‚</span> <span class='ocrx_word' id='word_1_110' title='bbox 649 1859 680 1896; x_wconf 71' lang='grc'>4,</span> <span class='ocrx_word' id='word_1_111' title='bbox 689 1853 857 1887; x_wconf 74' lang='lat' dir='ltr'>Martialis</span> <span class='ocrx_word' id='word_1_112' title='bbox 868 1852 913 1886; x_wconf 89' lang='lat' dir='ltr'>de</span> <span class='ocrx_word' id='word_1_113' title='bbox 923 1851 1073 1898; x_wconf 80' lang='lat' dir='ltr'>quodam</span> <span class='ocrx_word' id='word_1_114' title='bbox 1084 1859 1194 1885; x_wconf 87' lang='lat' dir='ltr'>auste-</span> 
     </span>
    </p>
   </div>
   <div class='ocr_carea' id='block_1_10' title="bbox 520 1905 1190 2056">
    <p class='ocr_par' dir='ltr' id='par_1_10' title="bbox 520 1905 1190 2056">
     <span class='ocr_line' id='line_1_25' title="bbox 520 1905 1190 1951; baseline -0.009 -9"><span class='ocrx_word' id='word_1_115' title='bbox 520 1922 598 1942; x_wconf 92' lang='lat' dir='ltr'>rum</span> <span class='ocrx_word' id='word_1_116' title='bbox 614 1920 685 1941; x_wconf 88' lang='lat' dir='ltr'>sese</span> <span class='ocrx_word' id='word_1_117' title='bbox 700 1907 870 1951; x_wconf 87' lang='lat' dir='ltr'>fingente,</span> <span class='ocrx_word' id='word_1_118' title='bbox 886 1905 1020 1938; x_wconf 85' lang='lat' dir='ltr'>ironice</span> <span class='ocrx_word' id='word_1_119' title='bbox 1033 1930 1041 1946; x_wconf 98' lang='lat'>,</span> <span class='ocrx_word' id='word_1_120' title='bbox 1059 1922 1073 1934; x_wconf 77' lang='grc' dir='ltr'><strong><em>κ</em></strong></span> <span class='ocrx_word' id='word_1_121' title='bbox 1086 1906 1190 1937; x_wconf 85' lang='lat' dir='ltr'>Ama-</span> 
     </span>
     <span class='ocr_line' id='line_1_26' title="bbox 521 1957 1190 1995; baseline -0.007 -1"><span class='ocrx_word' id='word_1_122' title='bbox 521 1970 575 1995; x_wconf 86' lang='lat' dir='ltr'>tor</span> <span class='ocrx_word' id='word_1_123' title='bbox 597 1961 655 1994; x_wconf 90' lang='lat' dir='ltr'>ille</span> <span class='ocrx_word' id='word_1_124' title='bbox 675 1960 825 1993; x_wconf 88' lang='lat' dir='ltr'>tristium</span> <span class='ocrx_word' id='word_1_125' title='bbox 847 1959 1064 1991; x_wconf 82' lang='lat' dir='ltr'>lacernarum</span> <span class='ocrx_word' id='word_1_126' title='bbox 1079 1974 1109 1991; x_wconf 69' lang='lat' dir='ltr'>n.</span> <span class='ocrx_word' id='word_1_127' title='bbox 1131 1957 1190 1989; x_wconf 89' lang='lat' dir='ltr'>Al-</span> 
     </span>
     <span class='ocr_line' id='line_1_27' title="bbox 522 2009 1190 2056; baseline -0.007 -9"><span class='ocrx_word' id='word_1_128' title='bbox 522 2015 587 2047; x_wconf 89' lang='lat' dir='ltr'>bus</span> <span class='ocrx_word' id='word_1_129' title='bbox 604 2025 689 2046; x_wconf 89' lang='lat' dir='ltr'>vero</span> <span class='ocrx_word' id='word_1_130' title='bbox 713 2012 822 2053; x_wconf 90' lang='lat' dir='ltr'>color,</span> <span class='ocrx_word' id='word_1_131' title='bbox 842 2023 946 2056; x_wconf 88' lang='lat' dir='ltr'>quem</span> <span class='ocrx_word' id='word_1_132' title='bbox 971 2009 1028 2042; x_wconf 90' lang='lat' dir='ltr'>hic</span> <span class='ocrx_word' id='word_1_133' title='bbox 1046 2010 1190 2043; x_wconf 81' lang='lat' dir='ltr'>lacernis</span> 
     </span>
    </p>
   </div>
   <div class='ocr_carea' id='block_1_11' title="bbox 519 2061 1193 2108">
    <p class='ocr_par' dir='ltr' id='par_1_11' title="bbox 519 2061 1193 2108">
     <span class='ocr_line' id='line_1_28' title="bbox 519 2061 1193 2108; baseline -0.006 -8"><span class='ocrx_word' id='word_1_134' title='bbox 519 2067 588 2100; x_wconf 85' lang='lat' dir='ltr'>suis</span> <span class='ocrx_word' id='word_1_135' title='bbox 602 2066 728 2099; x_wconf 88' lang='lat' dir='ltr'>Noster</span> <span class='ocrx_word' id='word_1_136' title='bbox 741 2063 913 2106; x_wconf 84' lang='lat' dir='ltr'>attribuit,</span> <span class='ocrx_word' id='word_1_137' title='bbox 925 2061 1065 2096; x_wconf 87' lang='lat' dir='ltr'>videtur</span> <span class='ocrx_word' id='word_1_138' title='bbox 1074 2062 1193 2108; x_wconf 80' lang='lat' dir='ltr'>praeci·</span> 
     </span>
    </p>
   </div>
   <div class='ocr_carea' id='block_1_12' title="bbox 512 2113 1190 2626">
    <p class='ocr_par' dir='ltr' id='par_1_12' title="bbox 517 2113 1190 2416">
     <span class='ocr_line' id='line_1_29' title="bbox 520 2113 1190 2165; baseline -0.006 -13"><span class='ocrx_word' id='word_1_139' title='bbox 520 2131 588 2165; x_wconf 88' lang='lat' dir='ltr'>pue</span> <span class='ocrx_word' id='word_1_140' title='bbox 601 2119 637 2151; x_wconf 91' lang='lat' dir='ltr'>in</span> <span class='ocrx_word' id='word_1_141' title='bbox 651 2130 715 2151; x_wconf 87' lang='lat' dir='ltr'>usu</span> <span class='ocrx_word' id='word_1_142' title='bbox 725 2115 767 2149; x_wconf 83' lang='lat' dir='ltr'>ad</span> <span class='ocrx_word' id='word_1_143' title='bbox 778 2114 879 2148; x_wconf 86' lang='lat' dir='ltr'>ludos</span> <span class='ocrx_word' id='word_1_144' title='bbox 889 2113 1094 2161; x_wconf 90' lang='lat' dir='ltr'>spectandos</span> <span class='ocrx_word' id='word_1_145' title='bbox 1106 2123 1190 2148; x_wconf 88' lang='lat' dir='ltr'>tunc</span> 
     </span>
     <span class='ocr_line' id='line_1_30' title="bbox 519 2167 1188 2211; baseline -0.007 -6"><span class='ocrx_word' id='word_1_146' title='bbox 519 2172 633 2205; x_wconf 88' lang='lat' dir='ltr'>fuisse.</span> <span class='ocrx_word' id='word_1_147' title='bbox 665 2168 771 2211; x_wconf 87' lang='lat' dir='ltr'>Quod</span> <span class='ocrx_word' id='word_1_148' title='bbox 803 2167 942 2201; x_wconf 86' lang='lat' dir='ltr'>docebit</span> <span class='ocrx_word' id='word_1_149' title='bbox 968 2175 1000 2200; x_wconf 88' lang='lat' dir='ltr'>te</span> <span class='ocrx_word' id='word_1_150' title='bbox 1015 2192 1024 2208; x_wconf 91' lang='lat'>‚</span> <span class='ocrx_word' id='word_1_151' title='bbox 1058 2176 1098 2200; x_wconf 87' lang='lat' dir='ltr'>ut</span> <span class='ocrx_word' id='word_1_152' title='bbox 1124 2167 1188 2200; x_wconf 82' lang='lat' dir='ltr'>alia</span> 
     </span>
     <span class='ocr_line' id='line_1_31' title="bbox 519 2220 1188 2267; baseline -0.007 -9"><span class='ocrx_word' id='word_1_153' title='bbox 519 2225 608 2258; x_wconf 91' lang='lat' dir='ltr'>bene</span> <span class='ocrx_word' id='word_1_154' title='bbox 623 2223 732 2256; x_wconf 83' lang='lat' dir='ltr'>multa</span> <span class='ocrx_word' id='word_1_155' title='bbox 748 2228 962 2267; x_wconf 79' lang='lat' dir='ltr'>praeteream,</span> <span class='ocrx_word' id='word_1_156' title='bbox 976 2220 1049 2265; x_wconf 89' lang='lat' dir='ltr'>ipse</span> <span class='ocrx_word' id='word_1_157' title='bbox 1061 2220 1188 2253; x_wconf 86' lang='lat' dir='ltr'>Noster</span> 
     </span>
     <span class='ocr_line' id='line_1_32' title="bbox 517 2272 1187 2320; baseline -0.013 -10"><span class='ocrx_word' id='word_1_158' title='bbox 517 2277 577 2310; x_wconf 90' lang='lat' dir='ltr'>lib.</span> <span class='ocrx_word' id='word_1_159' title='bbox 601 2277 665 2317; x_wconf 93' lang='lat' dir='ltr'>IV,</span> <span class='ocrx_word' id='word_1_160' title='bbox 686 2275 888 2320; x_wconf 82' lang='lat' dir='ltr'>epigramm.</span> <span class='ocrx_word' id='word_1_161' title='bbox 906 2284 957 2313; x_wconf 78' lang='grc' dir='ltr'>ιι,</span> <span class='ocrx_word' id='word_1_162' title='bbox 982 2276 1001 2312; x_wconf 73' lang='lat'><em>4</em></span> <span class='ocrx_word' id='word_1_163' title='bbox 1024 2284 1031 2305; x_wconf 88' lang='lat'>:</span> <span class='ocrx_word' id='word_1_164' title='bbox 1049 2272 1187 2314; x_wconf 73' lang='lat' dir='ltr'>«Quum</span> 
     </span>
     <span class='ocr_line' id='line_1_33' title="bbox 518 2324 1188 2375; baseline -0.006 -12"><span class='ocrx_word' id='word_1_165' title='bbox 518 2330 634 2375; x_wconf 85' lang='lat' dir='ltr'>plebs,</span> <span class='ocrx_word' id='word_1_166' title='bbox 650 2336 683 2362; x_wconf 92' lang='lat' dir='ltr'>et</span> <span class='ocrx_word' id='word_1_167' title='bbox 700 2328 815 2360; x_wconf 90' lang='lat' dir='ltr'>minor</span> <span class='ocrx_word' id='word_1_168' title='bbox 829 2324 936 2366; x_wconf 87' lang='lat' dir='ltr'>ordo,</span> <span class='ocrx_word' id='word_1_169' title='bbox 950 2325 1188 2371; x_wconf 86' lang='lat' dir='ltr'>maximusque</span> 
     </span>
     <span class='ocr_line' id='line_1_34' title="bbox 517 2376 1182 2416; baseline -0.014 0"><span class='ocrx_word' id='word_1_170' title='bbox 517 2383 642 2416; x_wconf 86' lang='lat' dir='ltr'>Sancto</span> <span class='ocrx_word' id='word_1_171' title='bbox 650 2393 730 2414; x_wconf 89' lang='lat' dir='ltr'>cum</span> <span class='ocrx_word' id='word_1_172' title='bbox 739 2378 827 2413; x_wconf 87' lang='lat' dir='ltr'>duce</span> <span class='ocrx_word' id='word_1_173' title='bbox 839 2376 1005 2412; x_wconf 80' lang='lat' dir='ltr'>candidus</span> <span class='ocrx_word' id='word_1_174' title='bbox 1015 2376 1158 2412; x_wconf 84' lang='lat' dir='ltr'>sederet.</span> <span class='ocrx_word' id='word_1_175' title='bbox 1169 2396 1182 2407; x_wconf 73' lang='lat'>›.</span> 
     </span>
    </p>

    <p class='ocr_par' dir='ltr' id='par_1_13' title="bbox 512 2429 1186 2626">
     <span class='ocr_line' id='line_1_35' title="bbox 574 2429 1183 2479; baseline -0.01 -10"><span class='ocrx_word' id='word_1_176' title='bbox 574 2447 587 2468; x_wconf 89' lang='lat'>1</span> <span class='ocrx_word' id='word_1_177' title='bbox 599 2461 606 2469; x_wconf 92' lang='lat'>.</span> <span class='ocrx_word' id='word_1_178' title='bbox 618 2432 886 2479; x_wconf 76' lang='lat' dir='ltr'>Amphitheatrali</span> <span class='ocrx_word' id='word_1_179' title='bbox 895 2429 1100 2464; x_wconf 86' lang='lat' dir='ltr'>Beverlandi</span> <span class='ocrx_word' id='word_1_180' title='bbox 1112 2430 1183 2464; x_wconf 87' lang='lat' dir='ltr'>MS.</span> 
     </span>
     <span class='ocr_line' id='line_1_36' title="bbox 516 2484 1184 2529; baseline -0.009 -8"><span class='ocrx_word' id='word_1_181' title='bbox 516 2487 571 2521; x_wconf 81' lang='lat' dir='ltr'>Ab</span> <span class='ocrx_word' id='word_1_182' title='bbox 598 2500 654 2520; x_wconf 81' lang='lat' dir='ltr'>usu</span> <span class='ocrx_word' id='word_1_183' title='bbox 683 2485 787 2520; x_wconf 85' lang='lat' dir='ltr'>idem.</span> <span class='ocrx_word' id='word_1_184' title='bbox 813 2506 865 2511; x_wconf 83' lang='lat'>-—</span> <span class='ocrx_word' id='word_1_185' title='bbox 888 2484 1184 2529; x_wconf 77' lang='lat' dir='ltr'>Amphitheatrales.</span> 
     </span>
     <span class='ocr_line' id='line_1_37' title="bbox 516 2535 1186 2578; baseline -0.007 -4"><span class='ocrx_word' id='word_1_186' title='bbox 516 2541 615 2574; x_wconf 86' lang='lat' dir='ltr'>Hanc</span> <span class='ocrx_word' id='word_1_187' title='bbox 637 2540 665 2573; x_wconf 83' lang='lat' dir='ltr'>si</span> <span class='ocrx_word' id='word_1_188' title='bbox 687 2538 967 2573; x_wconf 84' lang='lat' dir='ltr'>terminationem</span> <span class='ocrx_word' id='word_1_189' title='bbox 989 2535 1186 2578; x_wconf 82' lang='lat' dir='ltr'>admiseris,</span> 
     </span>
     <span class='ocr_line' id='line_1_38' title="bbox 512 2589 1184 2626; baseline -0.006 0"><span class='ocrx_word' id='word_1_190' title='bbox 512 2605 629 2626; x_wconf 74' lang='lat' dir='ltr'>sensus</span> <span class='ocrx_word' id='word_1_191' title='bbox 641 2592 706 2626; x_wconf 87' lang='lat' dir='ltr'>erit</span> <span class='ocrx_word' id='word_1_192' title='bbox 722 2604 751 2625; x_wconf 56' lang='grc' dir='ltr'>τ’(</span> <span class='ocrx_word' id='word_1_193' title='bbox 766 2592 838 2625; x_wconf 83' lang='lat' dir='ltr'>Nos</span> <span class='ocrx_word' id='word_1_194' title='bbox 852 2589 1078 2623; x_wconf 80' lang='lat' dir='ltr'>libentissime</span> <span class='ocrx_word' id='word_1_195' title='bbox 1093 2589 1184 2623; x_wconf 74' lang='lat' dir='ltr'>cives</span> 
     </span>
    </p>
   </div>
   <div class='ocr_carea' id='block_1_13' title="bbox 1244 1060 1928 2636">
    <p class='ocr_par' dir='ltr' id='par_1_14' title="bbox 1250 1060 1928 1781">
     <span class='ocr_line' id='line_1_39' title="bbox 1255 1060 1926 1107; baseline 0.001 -13"><span class='ocrx_word' id='word_1_196' title='bbox 1255 1060 1427 1103; x_wconf 90' lang='lat' dir='ltr'>induunt,</span> <span class='ocrx_word' id='word_1_197' title='bbox 1443 1073 1551 1107; x_wconf 89' lang='lat' dir='ltr'>quum</span> <span class='ocrx_word' id='word_1_198' title='bbox 1568 1061 1602 1094; x_wconf 85' lang='lat' dir='ltr'>in</span> <span class='ocrx_word' id='word_1_199' title='bbox 1621 1061 1877 1107; x_wconf 83' lang='lat' dir='ltr'>amphitheatra</span> <span class='ocrx_word' id='word_1_200' title='bbox 1893 1070 1926 1095; x_wconf 85' lang='lat' dir='ltr'>et</span> 
     </span>
     <span class='ocr_line' id='line_1_40' title="bbox 1254 1114 1928 1160; baseline 0.001 -13"><span class='ocrx_word' id='word_1_201' title='bbox 1254 1114 1386 1148; x_wconf 87' lang='lat' dir='ltr'>circum</span> <span class='ocrx_word' id='word_1_202' title='bbox 1405 1123 1616 1160; x_wconf 85' lang='lat' dir='ltr'>properant,</span> <span class='ocrx_word' id='word_1_203' title='bbox 1632 1115 1804 1148; x_wconf 72' lang='lat' dir='ltr'>Caesareos</span> <span class='ocrx_word' id='word_1_204' title='bbox 1825 1114 1928 1148; x_wconf 88' lang='lat' dir='ltr'>ludos</span> 
     </span>
     <span class='ocr_line' id='line_1_41' title="bbox 1253 1167 1924 1213; baseline 0 -13"><span class='ocrx_word' id='word_1_205' title='bbox 1253 1167 1455 1212; x_wconf 83' lang='lat' dir='ltr'>spectaturi.</span> <span class='ocrx_word' id='word_1_206' title='bbox 1473 1183 1486 1196; x_wconf 67' lang='grc' dir='ltr'>ι·</span> <span class='ocrx_word' id='word_1_207' title='bbox 1505 1168 1551 1200; x_wconf 88' lang='lat' dir='ltr'>At</span> <span class='ocrx_word' id='word_1_208' title='bbox 1580 1167 1608 1200; x_wconf 86' lang='lat' dir='ltr'>si</span> <span class='ocrx_word' id='word_1_209' title='bbox 1638 1167 1855 1213; x_wconf 83' lang='lat' dir='ltr'>rescripseris</span> <span class='ocrx_word' id='word_1_210' title='bbox 1888 1168 1924 1200; x_wconf 84' lang='lat' dir='ltr'>in</span> 
     </span>
     <span class='ocr_line' id='line_1_42' title="bbox 1254 1220 1924 1265; baseline 0.003 -13"><span class='ocrx_word' id='word_1_211' title='bbox 1254 1220 1404 1254; x_wconf 81' lang='lat' dir='ltr'>ablativo</span> <span class='ocrx_word' id='word_1_212' title='bbox 1425 1232 1506 1253; x_wconf 81' lang='lat' dir='ltr'>casu</span> <span class='ocrx_word' id='word_1_213' title='bbox 1525 1220 1781 1265; x_wconf 76' lang='lat' dir='ltr'>amphitheatrali</span> <span class='ocrx_word' id='word_1_214' title='bbox 1797 1220 1836 1253; x_wconf 84' lang='lat' dir='ltr'>ab</span> <span class='ocrx_word' id='word_1_215' title='bbox 1854 1233 1924 1260; x_wconf 85' lang='lat' dir='ltr'>usu,</span> 
     </span>
     <span class='ocr_line' id='line_1_43' title="bbox 1254 1271 1927 1318; baseline 0.001 -13"><span class='ocrx_word' id='word_1_216' title='bbox 1254 1281 1336 1306; x_wconf 87' lang='lat' dir='ltr'>tunc</span> <span class='ocrx_word' id='word_1_217' title='bbox 1362 1273 1398 1305; x_wconf 90' lang='lat' dir='ltr'>in</span> <span class='ocrx_word' id='word_1_218' title='bbox 1420 1272 1538 1306; x_wconf 84' lang='lat' dir='ltr'>nativo</span> <span class='ocrx_word' id='word_1_219' title='bbox 1563 1285 1665 1307; x_wconf 90' lang='lat' dir='ltr'>sensu</span> <span class='ocrx_word' id='word_1_220' title='bbox 1685 1272 1796 1318; x_wconf 82' lang='lat' dir='ltr'>accipi</span> <span class='ocrx_word' id='word_1_221' title='bbox 1822 1271 1927 1307; x_wconf 87' lang='lat' dir='ltr'>debet</span> 
     </span>
     <span class='ocr_line' id='line_1_44' title="bbox 1252 1324 1925 1371; baseline 0.004 -14"><span class='ocrx_word' id='word_1_222' title='bbox 1252 1325 1501 1359; x_wconf 82' lang='lat' dir='ltr'>commendamur</span> <span class='ocrx_word' id='word_1_223' title='bbox 1512 1353 1521 1366; x_wconf 93' lang='lat'>,</span> <span class='ocrx_word' id='word_1_224' title='bbox 1555 1326 1656 1371; x_wconf 86' lang='lat' dir='ltr'>quasi</span> <span class='ocrx_word' id='word_1_225' title='bbox 1686 1324 1845 1360; x_wconf 84' lang='lat' dir='ltr'>dicerent</span> <span class='ocrx_word' id='word_1_226' title='bbox 1875 1327 1925 1360; x_wconf 86' lang='lat' dir='ltr'>la-</span> 
     </span>
     <span class='ocr_line' id='line_1_45' title="bbox 1253 1377 1921 1424; baseline 0.001 -13"><span class='ocrx_word' id='word_1_227' title='bbox 1253 1390 1382 1412; x_wconf 81' lang='lat' dir='ltr'>cernae:</span> <span class='ocrx_word' id='word_1_228' title='bbox 1397 1395 1410 1408; x_wconf 76' lang='grc' dir='ltr'>α</span> <span class='ocrx_word' id='word_1_229' title='bbox 1427 1378 1606 1412; x_wconf 90' lang='lat' dir='ltr'>Continuo</span> <span class='ocrx_word' id='word_1_230' title='bbox 1619 1377 1761 1424; x_wconf 90' lang='lat' dir='ltr'>quidem</span> <span class='ocrx_word' id='word_1_231' title='bbox 1777 1387 1812 1412; x_wconf 89' lang='lat' dir='ltr'>et</span> <span class='ocrx_word' id='word_1_232' title='bbox 1826 1380 1921 1412; x_wconf 84' lang='lat' dir='ltr'>omni</span> 
     </span>
     <span class='ocr_line' id='line_1_46' title="bbox 1252 1431 1925 1477; baseline 0.003 -14"><span class='ocrx_word' id='word_1_233' title='bbox 1252 1439 1410 1477; x_wconf 87' lang='lat' dir='ltr'>tempore</span> <span class='ocrx_word' id='word_1_234' title='bbox 1426 1444 1490 1465; x_wconf 86' lang='lat' dir='ltr'>nos</span> <span class='ocrx_word' id='word_1_235' title='bbox 1506 1431 1606 1465; x_wconf 86' lang='lat' dir='ltr'>utiles</span> <span class='ocrx_word' id='word_1_236' title='bbox 1621 1444 1739 1465; x_wconf 90' lang='lat' dir='ltr'>sumus</span> <span class='ocrx_word' id='word_1_237' title='bbox 1756 1440 1790 1465; x_wconf 89' lang='lat' dir='ltr'>et</span> <span class='ocrx_word' id='word_1_238' title='bbox 1808 1431 1925 1465; x_wconf 87' lang='lat' dir='ltr'>lauda-</span> 
     </span>
     <span class='ocr_line' id='line_1_47' title="bbox 1252 1483 1923 1530; baseline 0.003 -14"><span class='ocrx_word' id='word_1_239' title='bbox 1252 1496 1341 1524; x_wconf 87' lang='lat' dir='ltr'>mur,</span> <span class='ocrx_word' id='word_1_240' title='bbox 1357 1492 1390 1517; x_wconf 86' lang='lat' dir='ltr'>at</span> <span class='ocrx_word' id='word_1_241' title='bbox 1405 1483 1589 1517; x_wconf 82' lang='lat' dir='ltr'>laudamur</span> <span class='ocrx_word' id='word_1_242' title='bbox 1603 1484 1804 1530; x_wconf 85' lang='lat' dir='ltr'>impensius,</span> <span class='ocrx_word' id='word_1_243' title='bbox 1815 1497 1923 1530; x_wconf 89' lang='lat' dir='ltr'>quum</span> 
     </span>
     <span class='ocr_line' id='line_1_48' title="bbox 1251 1537 1924 1582; baseline -0.001 -13"><span class='ocrx_word' id='word_1_244' title='bbox 1251 1544 1369 1570; x_wconf 87' lang='lat' dir='ltr'>nostra</span> <span class='ocrx_word' id='word_1_245' title='bbox 1384 1548 1451 1581; x_wconf 88' lang='lat' dir='ltr'>ope</span> <span class='ocrx_word' id='word_1_246' title='bbox 1463 1537 1561 1582; x_wconf 88' lang='lat' dir='ltr'>plebs</span> <span class='ocrx_word' id='word_1_247' title='bbox 1574 1537 1689 1570; x_wconf 85' lang='lat' dir='ltr'>utitur</span> <span class='ocrx_word' id='word_1_248' title='bbox 1702 1549 1779 1582; x_wconf 83' lang='lat' dir='ltr'>quae</span> <span class='ocrx_word' id='word_1_249' title='bbox 1792 1537 1924 1582; x_wconf 79' lang='lat' dir='ltr'>amphi-</span> 
     </span>
     <span class='ocr_line' id='line_1_49' title="bbox 1252 1589 1922 1635; baseline 0 -13"><span class='ocrx_word' id='word_1_250' title='bbox 1252 1589 1426 1623; x_wconf 86' lang='lat' dir='ltr'>theatrum</span> <span class='ocrx_word' id='word_1_251' title='bbox 1452 1589 1561 1634; x_wconf 87' lang='lat' dir='ltr'>cingit</span> <span class='ocrx_word' id='word_1_252' title='bbox 1583 1597 1617 1623; x_wconf 85' lang='lat' dir='ltr'>et</span> <span class='ocrx_word' id='word_1_253' title='bbox 1644 1589 1746 1624; x_wconf 86' lang='lat' dir='ltr'>ludos</span> <span class='ocrx_word' id='word_1_254' title='bbox 1769 1591 1922 1635; x_wconf 83' lang='lat' dir='ltr'>specula-</span> 
     </span>
     <span class='ocr_line' id='line_1_50' title="bbox 1251 1641 1922 1688; baseline 0.001 -13"><span class='ocrx_word' id='word_1_255' title='bbox 1251 1650 1323 1675; x_wconf 85' lang='lat' dir='ltr'>tur.</span> <span class='ocrx_word' id='word_1_256' title='bbox 1338 1642 1416 1675; x_wconf 90' lang='lat' dir='ltr'>Lib.</span> <span class='ocrx_word' id='word_1_257' title='bbox 1428 1642 1492 1683; x_wconf 89' lang='lat' dir='ltr'>IV,</span> <span class='ocrx_word' id='word_1_258' title='bbox 1505 1642 1594 1687; x_wconf 85' lang='lat' dir='ltr'>epig.</span> <span class='ocrx_word' id='word_1_259' title='bbox 1607 1654 1654 1683; x_wconf 87' lang='lat'>11,</span> <span class='ocrx_word' id='word_1_260' title='bbox 1670 1653 1702 1675; x_wconf 93' lang='lat'>1:</span> <span class='ocrx_word' id='word_1_261' title='bbox 1718 1641 1922 1688; x_wconf 85' lang='lat' dir='ltr'>«Spectabat</span> 
     </span>
     <span class='ocr_line' id='line_1_51' title="bbox 1250 1694 1923 1739; baseline 0.001 -12"><span class='ocrx_word' id='word_1_262' title='bbox 1250 1694 1356 1727; x_wconf 88' lang='lat' dir='ltr'>modo</span> <span class='ocrx_word' id='word_1_263' title='bbox 1372 1695 1466 1728; x_wconf 83' lang='lat' dir='ltr'>solus</span> <span class='ocrx_word' id='word_1_264' title='bbox 1479 1694 1571 1727; x_wconf 86' lang='lat' dir='ltr'>inter</span> <span class='ocrx_word' id='word_1_265' title='bbox 1585 1707 1707 1728; x_wconf 88' lang='lat' dir='ltr'>omnes</span> <span class='ocrx_word' id='word_1_266' title='bbox 1720 1695 1836 1739; x_wconf 82' lang='lat' dir='ltr'>Nigris</span> <span class='ocrx_word' id='word_1_267' title='bbox 1849 1707 1923 1728; x_wconf 87' lang='lat' dir='ltr'>mu·</span> 
     </span>
     <span class='ocr_line' id='line_1_52' title="bbox 1252 1747 1711 1781; baseline 0 -1"><span class='ocrx_word' id='word_1_268' title='bbox 1252 1759 1319 1780; x_wconf 87' lang='lat' dir='ltr'>nus</span> <span class='ocrx_word' id='word_1_269' title='bbox 1340 1747 1504 1780; x_wconf 83' lang='lat' dir='ltr'>Horatius</span> <span class='ocrx_word' id='word_1_270' title='bbox 1527 1747 1684 1781; x_wconf 84' lang='lat' dir='ltr'>lacernis.</span> <span class='ocrx_word' id='word_1_271' title='bbox 1698 1764 1711 1776; x_wconf 78' lang='lat'>›-</span> 
     </span>
    </p>

    <p class='ocr_par' dir='ltr' id='par_1_15' title="bbox 1244 1799 1924 2636">
     <span class='ocr_line' id='line_1_53' title="bbox 1305 1799 1921 1844; baseline 0.002 -12"><span class='ocrx_word' id='word_1_272' title='bbox 1305 1813 1338 1833; x_wconf 73' lang='lat'>2.</span> <span class='ocrx_word' id='word_1_273' title='bbox 1359 1800 1514 1844; x_wconf 78' lang='lat' dir='ltr'>Algentes</span> <span class='ocrx_word' id='word_1_274' title='bbox 1539 1807 1642 1843; x_wconf 74' lang='lat' dir='ltr'>togas,</span> <span class='ocrx_word' id='word_1_275' title='bbox 1671 1800 1739 1832; x_wconf 87' lang='lat' dir='ltr'>Pro</span> <span class='ocrx_word' id='word_1_276' title='bbox 1765 1799 1895 1844; x_wconf 82' lang='lat' dir='ltr'>gelidas</span> <span class='ocrx_word' id='word_1_277' title='bbox 1910 1825 1921 1839; x_wconf 82' lang='lat'>,</span> 
     </span>
     <span class='ocr_line' id='line_1_54' title="bbox 1250 1851 1924 1897; baseline 0.001 -12"><span class='ocrx_word' id='word_1_278' title='bbox 1250 1851 1408 1897; x_wconf 86' lang='lat' dir='ltr'>frigidas,</span> <span class='ocrx_word' id='word_1_279' title='bbox 1428 1864 1505 1897; x_wconf 88' lang='lat' dir='ltr'>quae</span> <span class='ocrx_word' id='word_1_280' title='bbox 1521 1863 1634 1897; x_wconf 90' lang='lat' dir='ltr'>neque</span> <span class='ocrx_word' id='word_1_281' title='bbox 1651 1864 1667 1884; x_wconf 81' lang='lat' dir='ltr'>a</span> <span class='ocrx_word' id='word_1_282' title='bbox 1685 1861 1789 1885; x_wconf 88' lang='lat' dir='ltr'>vento</span> <span class='ocrx_word' id='word_1_283' title='bbox 1806 1851 1924 1886; x_wconf 79' lang='lat' dir='ltr'>defen-</span> 
     </span>
     <span class='ocr_line' id='line_1_55' title="bbox 1249 1903 1922 1950; baseline 0 -12"><span class='ocrx_word' id='word_1_284' title='bbox 1249 1903 1339 1938; x_wconf 87' lang='lat' dir='ltr'>dunt</span> <span class='ocrx_word' id='word_1_285' title='bbox 1350 1931 1359 1947; x_wconf 94' lang='lat'>,</span> <span class='ocrx_word' id='word_1_286' title='bbox 1372 1916 1486 1950; x_wconf 87' lang='lat' dir='ltr'>neque</span> <span class='ocrx_word' id='word_1_287' title='bbox 1501 1913 1621 1938; x_wconf 89' lang='lat' dir='ltr'>arcent</span> <span class='ocrx_word' id='word_1_288' title='bbox 1634 1905 1849 1950; x_wconf 87' lang='lat' dir='ltr'>penetrabile</span> <span class='ocrx_word' id='word_1_289' title='bbox 1865 1905 1922 1938; x_wconf 82' lang='lat' dir='ltr'>fri-</span> 
     </span>
     <span class='ocr_line' id='line_1_56' title="bbox 1248 1958 1920 2002; baseline 0.001 -12"><span class='ocrx_word' id='word_1_290' title='bbox 1248 1970 1321 2002; x_wconf 87' lang='lat' dir='ltr'>gus.</span> <span class='ocrx_word' id='word_1_291' title='bbox 1345 1958 1445 1991; x_wconf 83' lang='lat' dir='ltr'>Illam</span> <span class='ocrx_word' id='word_1_292' title='bbox 1475 1965 1590 1991; x_wconf 86' lang='lat' dir='ltr'>autem</span> <span class='ocrx_word' id='word_1_293' title='bbox 1617 1958 1757 1991; x_wconf 78' lang='grc' dir='ltr'>ἐπίθετον</span> <span class='ocrx_word' id='word_1_294' title='bbox 1799 1969 1920 1991; x_wconf 87' lang='lat' dir='ltr'>vocem</span> 
     </span>
     <span class='ocr_line' id='line_1_57' title="bbox 1249 2009 1919 2056; baseline 0 -13"><span class='ocrx_word' id='word_1_295' title='bbox 1249 2009 1375 2055; x_wconf 86' lang='lat' dir='ltr'>adjecit</span> <span class='ocrx_word' id='word_1_296' title='bbox 1402 2018 1489 2055; x_wconf 87' lang='lat' dir='ltr'>togae</span> <span class='ocrx_word' id='word_1_297' title='bbox 1514 2010 1580 2056; x_wconf 87' lang='lat' dir='ltr'>ipsi</span> <span class='ocrx_word' id='word_1_298' title='bbox 1596 2035 1606 2051; x_wconf 92' lang='lat'>,</span> <span class='ocrx_word' id='word_1_299' title='bbox 1633 2022 1737 2056; x_wconf 83' lang='lat' dir='ltr'>quam</span> <span class='ocrx_word' id='word_1_300' title='bbox 1765 2011 1919 2055; x_wconf 83' lang='lat' dir='ltr'>togatulo</span> 
     </span>
     <span class='ocr_line' id='line_1_58' title="bbox 1249 2062 1918 2109; baseline 0.001 -14"><span class='ocrx_word' id='word_1_301' title='bbox 1249 2063 1375 2096; x_wconf 85' lang='lat' dir='ltr'>misero</span> <span class='ocrx_word' id='word_1_302' title='bbox 1405 2063 1533 2108; x_wconf 88' lang='lat' dir='ltr'>justius</span> <span class='ocrx_word' id='word_1_303' title='bbox 1565 2063 1676 2096; x_wconf 84' lang='lat' dir='ltr'>multo</span> <span class='ocrx_word' id='word_1_304' title='bbox 1710 2063 1799 2096; x_wconf 84' lang='lat' dir='ltr'>foret</span> <span class='ocrx_word' id='word_1_305' title='bbox 1831 2062 1918 2109; x_wconf 81' lang='lat' dir='ltr'>adji-</span> 
     </span>
     <span class='ocr_line' id='line_1_59' title="bbox 1248 2115 1917 2161; baseline 0.001 -13"><span class='ocrx_word' id='word_1_306' title='bbox 1248 2127 1341 2155; x_wconf 91' lang='lat' dir='ltr'>cere,</span> <span class='ocrx_word' id='word_1_307' title='bbox 1366 2127 1429 2161; x_wconf 88' lang='lat' dir='ltr'>per</span> <span class='ocrx_word' id='word_1_308' title='bbox 1458 2115 1680 2161; x_wconf 73' lang='grc' dir='ltr'>κατάχρησινε</span> <span class='ocrx_word' id='word_1_309' title='bbox 1702 2115 1786 2148; x_wconf 92' lang='lat' dir='ltr'>Non</span> <span class='ocrx_word' id='word_1_310' title='bbox 1823 2116 1917 2149; x_wconf 89' lang='lat' dir='ltr'>enim</span> 
     </span>
     <span class='ocr_line' id='line_1_60' title="bbox 1248 2167 1916 2213; baseline 0.001 -12"><span class='ocrx_word' id='word_1_311' title='bbox 1248 2176 1328 2213; x_wconf 81' lang='lat' dir='ltr'>toga</span> <span class='ocrx_word' id='word_1_312' title='bbox 1352 2169 1458 2213; x_wconf 83' lang='lat' dir='ltr'>alget,</span> <span class='ocrx_word' id='word_1_313' title='bbox 1485 2167 1545 2200; x_wconf 83' lang='lat' dir='ltr'>secl</span> <span class='ocrx_word' id='word_1_314' title='bbox 1566 2175 1715 2213; x_wconf 82' lang='lat' dir='ltr'>togatus.</span> <span class='ocrx_word' id='word_1_315' title='bbox 1745 2168 1916 2202; x_wconf 72' lang='lat' dir='ltr'>Caeterum</span> 
     </span>
     <span class='ocr_line' id='line_1_61' title="bbox 1248 2220 1916 2266; baseline 0.003 -14"><span class='ocrx_word' id='word_1_316' title='bbox 1248 2221 1415 2266; x_wconf 84' lang='lat' dir='ltr'>placuisse</span> <span class='ocrx_word' id='word_1_317' title='bbox 1425 2220 1554 2254; x_wconf 84' lang='lat' dir='ltr'>Nostro</span> <span class='ocrx_word' id='word_1_318' title='bbox 1572 2220 1666 2254; x_wconf 84' lang='lat' dir='ltr'>illam</span> <span class='ocrx_word' id='word_1_319' title='bbox 1682 2232 1802 2254; x_wconf 89' lang='lat' dir='ltr'>vocem</span> <span class='ocrx_word' id='word_1_320' title='bbox 1817 2220 1916 2254; x_wconf 81' lang='lat' dir='ltr'>facile</span> 
     </span>
     <span class='ocr_line' id='line_1_62' title="bbox 1244 2272 1917 2319; baseline 0 -13"><span class='ocrx_word' id='word_1_321' title='bbox 1244 2272 1397 2318; x_wconf 80' lang='lat' dir='ltr'>judices;</span> <span class='ocrx_word' id='word_1_322' title='bbox 1415 2285 1565 2319; x_wconf 86' lang='lat' dir='ltr'>namque</span> <span class='ocrx_word' id='word_1_323' title='bbox 1587 2285 1660 2306; x_wconf 84' lang='lat' dir='ltr'>eam</span> <span class='ocrx_word' id='word_1_324' title='bbox 1683 2273 1719 2306; x_wconf 89' lang='lat' dir='ltr'>in</span> <span class='ocrx_word' id='word_1_325' title='bbox 1741 2273 1801 2307; x_wconf 92' lang='lat' dir='ltr'>lib.</span> <span class='ocrx_word' id='word_1_326' title='bbox 1825 2274 1917 2315; x_wconf 92' lang='lat' dir='ltr'>XII,</span> 
     </span>
     <span class='ocr_line' id='line_1_63' title="bbox 1247 2326 1914 2372; baseline 0 -13"><span class='ocrx_word' id='word_1_327' title='bbox 1247 2326 1355 2371; x_wconf 77' lang='lat' dir='ltr'>epigr.</span> <span class='ocrx_word' id='word_1_328' title='bbox 1370 2339 1476 2359; x_wconf 78' lang='lat' dir='ltr'>xxxvt</span> <span class='ocrx_word' id='word_1_329' title='bbox 1488 2353 1496 2367; x_wconf 96' lang='lat'>,</span> <span class='ocrx_word' id='word_1_330' title='bbox 1513 2339 1526 2359; x_wconf 93' lang='lat'>1</span> <span class='ocrx_word' id='word_1_331' title='bbox 1547 2338 1618 2372; x_wconf 88' lang='lat' dir='ltr'>seq.</span> <span class='ocrx_word' id='word_1_332' title='bbox 1631 2351 1640 2368; x_wconf 93' lang='lat'>,</span> <span class='ocrx_word' id='word_1_333' title='bbox 1654 2329 1724 2372; x_wconf 81' lang='lat' dir='ltr'>jam</span> <span class='ocrx_word' id='word_1_334' title='bbox 1743 2326 1890 2360; x_wconf 89' lang='lat' dir='ltr'>inseruit</span> <span class='ocrx_word' id='word_1_335' title='bbox 1907 2338 1914 2359; x_wconf 92' lang='lat'>:</span> 
     </span>
     <span class='ocr_line' id='line_1_64' title="bbox 1252 2378 1914 2424; baseline 0 -12"><span class='ocrx_word' id='word_1_336' title='bbox 1252 2395 1265 2407; x_wconf 87' lang='lat'>«</span> <span class='ocrx_word' id='word_1_337' title='bbox 1287 2379 1408 2412; x_wconf 84' lang='lat' dir='ltr'>Libras</span> <span class='ocrx_word' id='word_1_338' title='bbox 1423 2387 1584 2424; x_wconf 85' lang='lat' dir='ltr'>quatuor,</span> <span class='ocrx_word' id='word_1_339' title='bbox 1605 2387 1663 2412; x_wconf 87' lang='lat' dir='ltr'>aut</span> <span class='ocrx_word' id='word_1_340' title='bbox 1677 2378 1763 2413; x_wconf 85' lang='lat' dir='ltr'>duas</span> <span class='ocrx_word' id='word_1_341' title='bbox 1785 2379 1914 2420; x_wconf 88' lang='lat' dir='ltr'>amico,</span> 
     </span>
     <span class='ocr_line' id='line_1_65' title="bbox 1247 2431 1916 2478; baseline 0.001 -14"><span class='ocrx_word' id='word_1_342' title='bbox 1247 2432 1499 2477; x_wconf 82' lang='lat' dir='ltr'>Algentemque</span> <span class='ocrx_word' id='word_1_343' title='bbox 1535 2440 1652 2477; x_wconf 88' lang='lat' dir='ltr'>togam</span> <span class='ocrx_word' id='word_1_344' title='bbox 1668 2457 1677 2474; x_wconf 92' lang='lat'><strong>‚</strong></span> <span class='ocrx_word' id='word_1_345' title='bbox 1703 2431 1916 2478; x_wconf 84' lang='lat' dir='ltr'>brevemque</span> 
     </span>
     <span class='ocr_line' id='line_1_66' title="bbox 1244 2485 1912 2519; baseline 0 -2"><span class='ocrx_word' id='word_1_346' title='bbox 1244 2485 1581 2519; x_wconf 65' lang='lat' dir='ltr'>laenam.»Caeter111n</span> <span class='ocrx_word' id='word_1_347' title='bbox 1600 2485 1672 2518; x_wconf 84' lang='lat' dir='ltr'>alba</span> <span class='ocrx_word' id='word_1_348' title='bbox 1694 2485 1817 2518; x_wconf 82' lang='lat' dir='ltr'>lacerna</span> <span class='ocrx_word' id='word_1_349' title='bbox 1835 2485 1912 2518; x_wconf 77' lang='lat' dir='ltr'>exli.</span> 
     </span>
     <span class='ocr_line' id='line_1_67' title="bbox 1245 2536 1913 2571; baseline -0.003 -1"><span class='ocrx_word' id='word_1_350' title='bbox 1245 2536 1408 2571; x_wconf 81' lang='lat' dir='ltr'>ed.Barl›.</span> <span class='ocrx_word' id='word_1_351' title='bbox 1418 2550 1497 2571; x_wconf 88' lang='lat' dir='ltr'>cum</span> <span class='ocrx_word' id='word_1_352' title='bbox 1512 2537 1651 2571; x_wconf 88' lang='lat' dir='ltr'>Schrev.</span> <span class='ocrx_word' id='word_1_353' title='bbox 1670 2546 1703 2571; x_wconf 92' lang='lat' dir='ltr'>et</span> <span class='ocrx_word' id='word_1_354' title='bbox 1715 2537 1827 2571; x_wconf 80' lang='lat' dir='ltr'>Maitt.</span> <span class='ocrx_word' id='word_1_355' title='bbox 1840 2537 1913 2569; x_wconf 79' lang='lat' dir='ltr'>alba</span> 
     </span>
     <span class='ocr_line' id='line_1_68' title="bbox 1246 2589 1886 2636; baseline 0 -14"><span class='ocrx_word' id='word_1_356' title='bbox 1246 2590 1369 2623; x_wconf 78' lang='lat' dir='ltr'>lucerua</span> <span class='ocrx_word' id='word_1_357' title='bbox 1380 2603 1482 2623; x_wconf 81' lang='lat' dir='ltr'>comas</span> <span class='ocrx_word' id='word_1_358' title='bbox 1491 2589 1571 2625; x_wconf 87' lang='lat' dir='ltr'>cod.</span> <span class='ocrx_word' id='word_1_359' title='bbox 1588 2591 1666 2623; x_wconf 85' lang='lat' dir='ltr'>Bev.</span> <span class='ocrx_word' id='word_1_360' title='bbox 1690 2601 1886 2636; x_wconf 83' lang='lat' dir='ltr'>perperam.</span> 
     </span>
    </p>
   </div>
  </div>
 </body>
</html>
