1901 3259
304 204 892 248 EPIGRAMMATUM
929 204 1055 246 LIB.
1094 202 1215 244 XII.
1411 213 1458 241 11

717 356 790 411 Χ.

548 507 611 535 DE
650 483 975 535 AFRICANO.*

196 620 356 662 ΗΑΒΕΤ
385 617 616 662 Africanus
642 616 796 661 millies
812 651 823 671 ‚
852 626 999 660 tamen
1025 623 1185 675 captat.

194 690 386 733 Fortuna
417 687 566 732 multis
591 688 666 732 dat
693 688 846 742 nimis,
871 687 972 731 satis
1003 685 1119 730 nulli.

107 803 121 818 ¹
136 808 290 841 Africani
309 807 471 842 ditissimi
489 816 523 841 et
541 807 727 853 captatoris

53 861 231 895 avaritiam
251 862 376 906 carpit.

85 926 143 956 .=·1·
174 914 305 947 Millies.
333 914 488 947 Centena
515 913 647 946 scilicet
674 925 728 945 se-

53 966 211 999 stertium
222 967 341 999 millia.
350 965 434 1000 Vid.
443 966 532 1000 Tab.
542 965 584 999 ad
599 965 726 999 calcem

52 1019 122 1052 vol.
136 1019 164 1052 I.
182 1019 247 1052 ΕΙ).
258 1021 424 1052 —Tamen
439 1027 557 1064 captat.
575 1019 651 1051 Hoc
664 1027 727 1060 est,

53 1072 236 1105 servilibus
245 1072 370 1106 officiis
380 1085 454 1105 rem
465 1073 578 1106 facere
589 1071 728 1117 quaerit.

109 1138 139 1158 2.
159 1125 247 1158 Satis
265 1126 355 1159 nulli.
375 1127 506 1171 Argute
523 1124 730 1170 Aristopha-

784 819 846 840 nes
866 807 902 840 in
923 807 1026 839 Pluto
1043 817 1051 839 :
1071 795 1157 838 ὤστ’
1177 800 1251 838 οὐδὲ
1271 803 1389 849 μεστός
1410 815 1466 835 σου

785 861 890 905 γέγον’
916 856 1021 898 οὐδεὶς
1047 859 1194 892 πώποτε·
1223 860 1292 890 Τῶν
1322 856 1377 901 μὲν
1406 856 1466 900 γὰρ

789 912 891 945 ἄλλων
917 912 987 945 ἐστὶ
1016 913 1148 945 πάντων
1180 909 1362 955 πλησμῦνῆ.
1391 908 1468 941 Hoc

787 973 839 998 est
860 976 868 998 ε
896 965 1039 1010 «Neque
1057 975 1264 1009 quemquam
1287 961 1468 996 hominem

787 1017 839 1051 tui
855 1030 1013 1063 unquam
1031 1011 1172 1062 (supple
1186 1041 1195 1057 ‚
1212 1029 1233 1049 o
1247 1013 1361 1056 Plute)
1377 1014 1470 1059 cepit

789 1071 946 1112 satietas;
969 1082 1050 1103 nam
1070 1070 1216 1102 aliarum
1233 1081 1352 1101 rerum
1368 1067 1468 1100 satie-

791 1131 842 1157 tas
860 1131 912 1157 est
931 1123 1103 1157 omnium.
1115 1139 1131 1151 »

706 1242 825 1297 XI.

257 1381 455 1410 MITTIT
494 1380 709 1409 LIBRUM
748 1381 816 1408 AD
858 1378 1252 1408 PARTHENIUM.

120 1490 397 1533 ΡΑΒΤΗΕΝΙΟ
421 1488 514 1544 dic,
539 1488 694 1543 Musa,
720 1496 797 1530 tuo
823 1495 1062 1547 nostroque
1094 1485 1278 1530 salutem
1299 1502 1307 1528 :

190 1560 305 1603 Nam
326 1559 420 1619 quis
445 1558 498 1602 ab
524 1558 662 1602 Aonio
686 1557 847 1618 largius
871 1573 998 1601 amne
1018 1555 1156 1600 bibit?

122 1629 258 1689 Cujus
279 1628 487 1690 Pimplaeo
514 1628 608 1690 lyra
631 1627 788 1673 clarior
808 1629 895 1672 exit
919 1628 974 1671 ab
998 1626 1153 1671 antro?

189 1701 335 1757 Quem
361 1699 458 1761 plus
480 1700 621 1744 Pierio
646 1699 699 1743 de
730 1715 861 1760 grege
887 1698 1080 1742 Phoebus
1110 1697 1255 1742 amat?

120 1772 177 1815 Et
201 1772 234 1814 si
258 1770 394 1826 forte,
420 1770 495 1814 sed
519 1770 605 1814 hoc
629 1771 701 1813 vix
727 1779 792 1814 est
814 1785 1008 1830 sperare,
1033 1768 1229 1825 vacabit,
1451 1789 1464 1812 s

190 1841 352 1884 Tradat
373 1851 423 1884 ut
440 1841 532 1902 ipse
554 1841 654 1885 duci
677 1841 872 1884 carmina
894 1849 1043 1883 nostra
1058 1875 1070 1896 ,
1092 1856 1220 1900 roga;

121 1912 325 1969 Quatuor
347 1921 389 1955 et
407 1921 578 1955 tantum
601 1911 891 1971 timidumque
911 1911 1178 1971 brevemque
1200 1908 1393 1953 libellum

191 1982 484 2026 Commendet
509 1982 656 2025 verbis
679 1998 687 2024 τ
711 1984 841 2025 Hunc
864 1991 939 2024 tua
964 1983 1107 2025 Roma
1129 1980 1243 2042 legit.

106 2115 136 2136 1.
160 2103 341 2136 Parthenio.
358 2101 443 2136 Vid.
463 2103 525 2136 lib.
541 2102 587 2143 V,
614 2103 724 2148 epigr.

49 2168 109 2197 νη
131 2164 164 2189 et
179 2156 321 2189 Sueton.
337 2155 374 2188 in
389 2156 520 2189 Domit.
543 2168 617 2201 cap.
643 2169 654 2190 1
665 2158 699 2189 6.

103 2223 136 2242 2.
161 2209 246 2242 Nam
274 2211 353 2255 quis.
378 2208 455 2242 Hoc
480 2217 548 2250 est,
573 2208 650 2254 quis
676 2217 728 2242 est

49 2270 152 2307 poeta
170 2261 344 2295 nobilior?
363 2262 408 2294 Et
429 2261 521 2295 idem
541 2270 590 2294 est
607 2274 725 2295 sensus

48 2326 214 2348 versuum
243 2314 394 2348 duorum
414 2328 491 2360 quae
516 2323 725 2360 sequuntur,

47 2379 112 2400 nec
134 2366 230 2400 aliud
251 2368 433 2401 continent
454 2380 558 2414 quam
578 2368 727 2413 poeticae

52 2421 265 2454 excellentiae
277 2422 476 2467 περίφρασιν.

104 2473 138 2508 3.
158 2474 324 2518 Pimplaeo.
345 2474 425 2507 Lib.
440 2475 491 2507 XI
503 2499 513 2515 ‚
531 2473 642 2520 epigr.
655 2485 702 2506 111
717 2500 726 2513 ‚

50 2538 100 2559 vs.
121 2537 152 2559 1.
172 2546 224 2552 --
238 2527 325 2572 Lyra
344 2527 470 2567 clarior,
489 2536 554 2561 etc.
569 2527 674 2560 Forte
688 2536 725 2561 et

48 2578 184 2624 Lyricis
193 2590 329 2612 vacasse
337 2579 568 2614 Parthenium
580 2579 724 2626 quidam

50 2640 224 2680 putarent.
240 2632 321 2667 Non
338 2644 422 2678 ego3
442 2634 536 2678 Lyra
553 2633 625 2667 illic
643 2646 724 2679 poe-

787 2112 856 2136 tam
876 2103 973 2136 hunc
996 2115 1068 2136 esse
1091 2101 1259 2136 duntaxat
1284 2102 1463 2147 significat.

841 2160 874 2196 4.
900 2157 1009 2188 Pierio
1039 2156 1077 2188 de
1104 2168 1212 2200 grege.
1245 2155 1321 2188 Hoc
1347 2164 1416 2196 est,
1446 2169 1465 2188 e

785 2209 920 2254 poetis,
940 2209 1003 2241 lib.
1024 2210 1061 2249 I,
1080 2209 1190 2254 epigr.
1211 2221 1344 2242 Lxxvn.

840 2264 874 2295 6.
904 2261 1030 2294 Tradat
1049 2269 1092 2294 ut.
1113 2261 1213 2294 Idem
1232 2262 1367 2307 rogavit
1384 2261 1464 2294 Par-

786 2315 945 2348 thenium
957 2339 966 2354 ,
980 2315 1092 2356 lib.V‚
1108 2315 1216 2360 epigr.
1234 2327 1282 2348 vx.
1300 2336 1351 2340 —
1366 2315 1464 2348 Daci.

786 2368 909 2401 Nervae
921 2393 929 2409 ‚
945 2375 1003 2400 aut
1014 2368 1134 2413 potius
1149 2369 1313 2413 Trajano.

841 2433 875 2466 7.
892 2421 1043 2465 Quatuor
1057 2421 1174 2461 verbis,
1197 2429 1262 2454 etc.
1277 2419 1464 2463 Quae,sub-

787 2483 997 2519 sequuntur,
1016 2487 1145 2520 nempe
1161 2485 1169 2507 :
1185 2475 1282 2507 Hunc
1300 2481 1354 2505 tua
1364 2474 1466 2507 Roma

785 2528 872 2572 leg-it.
900 2549 952 2554 —
987 2528 1019 2560 T
1018 2541 1070 2561 αα.
1098 2528 1188 2569 Quae
1217 2527 1281 2560 tibi
1307 2527 1465 2572 impense

785 2581 990 2623 famulatur,
1008 2588 1042 2614 te
1060 2579 1182 2614 adorat
1194 2606 1203 2621 ‚
1223 2579 1466 2614 dominatione

785 2642 843 2668 tua
860 2634 936 2668 laeta
955 2641 990 2667 et
1011 2633 1229 2679 superbiens.
