1901 3259
315 225 902 270 EPIGRAMMATUM
940 226 1064 268 LIB.
1106 226 1256 267 XIII.

1401 240 1484 268 121

720 376 854 431 LII.

711 532 866 560 ANAS-

155 658 286 701 TOTA
315 656 491 717 quidem
518 665 706 717 ponatur
734 670 837 699 anas
861 673 868 698 ;
895 655 970 699 sed
996 664 1173 716 pectore
1199 664 1393 707 tantum,

223 729 280 771 Et
308 729 476 771 cervice
508 728 618 788 sapit
642 745 651 770 t
682 736 838 770 caetera
868 725 1000 770 redde
1027 742 1182 786 coquo.

155 869 320 915 Νῆσσαν
351 871 446 911 ‹nm-2
478 868 667 928 παράθες·
705 869 772 910 τὸν
802 862 841 909 δ’
867 868 1015 926 αὐχένᾳ
1045 868 1209 927 νόςιμός
1238 869 1323 921 ἐςι,

228 938 307 980 Καὶ
333 938 386 980 τὰ
412 940 545 997 ςέρνα·
578 938 631 980 τὰ
658 933 696 979 δ’
729 936 777 980 αὖ
801 937 926 981 λοιπὰ
956 938 1141 998 μάγειρος
1173 939 1272 997 ἔχοι.

143 1071 173 1092 1.
194 1060 298 1093 Anas.
320 1061 372 1093 De
398 1068 538 1093 anatum
564 1060 708 1093 natione
730 1068 764 1096 et

85 1112 187 1145 variis
194 1112 379 1158 generibus
386 1113 494 1146 multa
505 1113 609 1147 habet
616 1113 764 1155 Plinius,

84 1166 255 1198 nonnulla
272 1166 478 1208 Athenaeus,
498 1166 762 1213 Dipnosophist.

83 1218 146 1252 lib.
174 1219 245 1259 IX;
274 1218 336 1253 sed
359 1219 434 1253 fuse
459 1219 575 1253 omnia
602 1220 761 1253 ornitho-

84 1271 220 1317 graphi.
236 1273 288 1305 De
302 1281 402 1306 anate
419 1273 521 1307 etiam
533 1274 669 1306 consuli
682 1281 761 1319 pot-

85 1333 137 1358 est
151 1325 172 1358 J
175 1337 278 1359 oann.
293 1326 508 1372 Bruyerinus
519 1326 563 1360 (le
574 1328 625 1360 Re
636 1327 764 1360 cibaria

85 1377 109 1412 Ι.
126 1378 208 1420 XV,
222 1391 296 1424 cap.
308 1379 326 1412 3
336 1391 349 1412 1
358 1380 488 1414 .—Se‹l
490 1388 626 1426 pectore.
639 1380 763 1413 Pectus

86 1430 180 1464 enim
203 1440 237 1465 et
250 1433 369 1466 cervix
389 1434 550 1479 gratioris
564 1443 644 1467 sunt
662 1446 762 1479 sapo-

822 1060 881 1093 ris.
906 1059 973 1092 Hic
996 1072 1078 1093 vero
1102 1072 1185 1093 cum
1211 1060 1330 1094 multis
1351 1061 1501 1095 libenter

823 1112 1034 1158 quaesierim,
1043 1112 1222 1159 quomodo
1234 1112 1278 1147 de
1286 1113 1439 1158 jecinore
1451 1117 1501 1148 nil

823 1166 989 1199 cecinerit
1000 1191 1009 1207 ‚
1028 1165 1125 1211 quod
1138 1167 1329 1211 optimum,
1342 1167 1450 1201 immo
1467 1177 1501 1201 et

824 1219 984 1253 anserino
1002 1220 1106 1265 longe
1125 1220 1270 1261 melius,
1289 1221 1413 1254 famam
1436 1222 1501 1255 sibi

824 1272 918 1318 apud
943 1273 1119 1307 Romanos
1143 1273 1396 1308 architriclinos
1418 1287 1501 1308 con-

823 1326 943 1359 ciliare
971 1325 1162 1370 debuerat3
1181 1327 1249 1360 nisi
1272 1328 1362 1361 forte
1377 1336 1502 1373 pectore

822 1379 879 1413 hic
920 1393 985 1425 pro
1027 1382 1129 1423 jecore
1169 1381 1323 1426 positum
1362 1382 1403 1415 ab
1442 1382 1502 1415 illo

823 1432 942 1466 fuerit.
959 1434 1026 1467 En.

708 1569 882 1624 LIII.

662 1715 892 1744 TURTUR.

910 1695 929 1712 4

161 1827 277 1870 DUM
305 1827 476 1886 pinguis
501 1826 608 1869 mihi
631 1836 775 1869 turtur
800 1828 902 1881 erit,
929 1826 1122 1881 lactuca,
1150 1828 1335 1879 valebis,

230 1898 287 1940 Et
313 1895 512 1941 cochleas
538 1896 615 1940 tibi
640 1896 753 1941 habe
777 1914 784 1939 τ
812 1897 995 1958 perdere
1019 1897 1122 1942 nolo
1144 1899 1315 1942 famem.

145 2028 160 2041 ¹
180 2030 351 2076 Apposito
377 2030 500 2076 pingui
526 2039 684 2071 turture,
706 2031 765 2063 ab·

91 2082 292 2116 stinendum
321 2096 339 2116 a
366 2081 511 2118 lactucis
536 2082 622 2117 dicit
650 2093 684 2117 et
707 2096 765 2117 co-

91 2135 219 2177 chleis,
246 2137 355 2170 veluti
387 2137 572 2170 vilioribus
592 2164 601 2178 ‚
637 2145 765 2170 stoma-

90 2188 268 2235 chumque
303 2189 512 2224 servandum
552 2189 766 2224 delicatiori-

89 2241 169 2276 bus.

144 2307 170 2328 1.
181 2296 335 2337 Lactuca,
347 2297 478 2330 valebis.
489 2297 580 2330 Puto
590 2297 767 2342 scripsisse

92 2356 270 2382 auctorem
281 2350 418 2382 :lactuca
426 2350 556 2384 valebit.
565 2350 767 2395 Alloquitur

91 2401 185 2434 enim
196 2403 456 2436 convivatorem
466 2430 475 2445 ‚
487 2404 539 2438 vel
550 2403 766 2449 quicumque

91 2465 225 2487 coenam
243 2454 426 2490 instruxit:
448 2456 542 2502 quod
563 2465 705 2502 apparet
725 2469 766 2490 ex

91 2506 164 2540 illo.
174 2528 227 2534 ·—
243 2508 327 2540 Dum
338 2511 468 2554 pinguis
484 2511 559 2542 mila·
575 2518 679 2543 turtur
693 2513 763 2543 erit.

91 2559 287 2594 Turturem
317 2561 366 2595 sic
393 2574 411 2595 a
437 2575 525 2596 voce
551 2563 764 2609 appellatum

92 2624 155 2658 per
181 2614 471 2659 Onomatopoeam
499 2615 642 2649 tradunt
665 2617 766 2650 Anti-

94 2666 172 2711 qui3
205 2679 285 2701 nam
314 2680 422 2712 graece
447 2670 566 2713 τρύζειν
589 2677 765 2702 turturum

825 2043 947 2064 vocem
964 2032 1109 2077 proprie
1129 2031 1285 2074 denotat,
1300 2041 1334 2066 et
1345 2035 1464 2078 τρύζειν
1487 2046 1505 2066 a

826 2085 947 2130 τρυγὼν
971 2083 1167 2127 derivatur,
1190 2085 1284 2119 unde
1306 2098 1369 2132 per
1392 2087 1501 2120 levem

825 2146 1059 2171 mutationem
1084 2147 1196 2172 turtur.

883 2204 914 2223 2.
941 2191 1082 2224 Prodere
1108 2191 1186 2226 cod⁷
1218 2192 1353 2225 Beverl.
1380 2214 1434 2219 —
1455 2193 1501 2225 Et

826 2244 978 2277 cochleas.
996 2244 1041 2277 H.
1064 2257 1094 2279 e.
1115 2246 1207 2279 Nolo
1228 2246 1403 2285 cochleas,
1425 2259 1504 2292 quae

826 2306 909 2331 sunt
926 2298 1056 2343 species
1074 2299 1341 2344 conchyliorum
1366 2296 1504 2338 (minus

826 2363 955 2397 nempe
982 2350 1138 2386 delicatae
1165 2365 1269 2398 quam
1291 2353 1364 2385 haec
1383 2353 1504 2385 Romae

827 2404 916 2437 tanti
932 2405 1096 2438 aestimata
1111 2414 1239 2446 ostrea,
1258 2406 1387 2446 echini,
1401 2400 1502 2449 etc.):

826 2457 894 2490 hoc
915 2466 965 2491 est
978 2484 987 2499 ‚
1008 2457 1094 2491 dum
1109 2459 1246 2492 habebo
1268 2459 1364 2492 cibos
1380 2457 1504 2492 delica-

826 2511 932 2544 tiores
952 2537 960 2551 ‚
989 2525 1007 2545 a
1027 2512 1214 2545 vilioribus
1235 2512 1427 2545 abstinebo.
1452 2532 1503 2537 —

827 2564 964 2596 Perdere
985 2565 1058 2597 nolo
1072 2566 1205 2607 samem.
1229 2566 1304 2598 Hoc
1327 2573 1391 2606 est,
1410 2565 1503 2598 Nolo

828 2629 1032 2651 consumere
1059 2618 1185 2651 famem
1212 2618 1249 2650 in
1280 2616 1504 2651 comedendis

827 2671 970 2703 lactucis
993 2679 1026 2703 et
1044 2671 1205 2704 cochleis.
1223 2670 1302 2704 Vid.
1323 2684 1400 2715 sup.
