2044 3292
504 244 594 289 150

868 244 930 286 M.
958 246 1035 286 VA
1049 246 1096 287 L.
1137 243 1530 287 MARTIALIS

1111 395 1285 452 CIII.

1087 530 1315 579 MURIA-it

568 679 910 720 ΑΝΤιΡοιιΤΑΝι
929 711 940 731 ,
962 675 1121 729 fateor,
1147 692 1240 719 sum
1268 675 1353 719 filia
1379 676 1555 736 thynni:

638 748 788 790 Essem
815 747 848 789 si
872 746 1085 800 scombri,
1107 762 1194 789 non
1216 746 1293 789 tibi
1319 748 1448 790 missa
1473 746 1624 790 forem.

608 868 615 879 s
649 869 657 881 x
740 868 750 881 s
805 871 814 886 ³
856 869 863 881 x
940 869 950 881 t
1131 871 1141 883 t
1297 871 1307 883 s
1415 862 1423 870 ³
1591 869 1602 882 t

569 870 662 928 Ειμι
689 862 749 927 (τι
776 863 800 911 δ
841 866 1072 928 αρνοιμηνῇ
1098 869 1234 911 θυννου
1263 887 1375 919 τεκος
1403 874 1694 912 Αντιπολιτεω·

640 939 707 981 Σοὶ
736 933 788 992 δ’,
819 939 850 981 εἰ
875 935 1076 999 σκόμὲρου
1102 940 1190 994 ἔην,
1218 942 1288 982 οὐκ
1316 937 1359 982 ἂν
1387 937 1568 999 ἔπεμψαν
1598 941 1682 999 ἐμέ.

552 1056 735 1105 'Amphora
754 1063 862 1093 mun-iae
879 1061 998 1104 Cujac.
1017 1069 1050 1093 et
1064 1060 1173 1093 Scriv.

500 1122 534 1147 et
554 1112 687 1147 Arond.
710 1121 744 1147 et
768 1114 816 1147 sic
844 1112 952 1146 editio
973 1113 1071 1146 Barla.
1100 1124 1176 1157 quae

502 1174 595 1200 amat
615 1179 691 1200 suas
712 1175 826 1211 partes
845 1167 916 1200 sola
932 1166 1121 1204 sustinere,
1142 1173 1175 1198 et

500 1219 543 1253 ab
559 1219 634 1252 aliis
649 1218 730 1253 edd.
747 1218 955 1265 discrepare.

553 1293 605 1298 —
621 1272 766 1318 Proprie
794 1272 905 1305 muria
929 1271 1061 1305 dicitur
1089 1283 1176 1316 aqua

502 1325 571 1358 sale
594 1325 780 1359 commixta
801 1325 993 1370 affectaque
1019 1332 1119 1370 gustu
1140 1325 1174 1357 in

501 1376 647 1411 modum
666 1378 821 1412 marinae.
843 1378 926 1419 Quo
943 1386 1058 1411 autem
1076 1385 1178 1422 pacto

502 1430 615 1464 muria
647 1431 721 1465 haec
747 1431 815 1464 sale
842 1431 1028 1463 commixta
1056 1430 1153 1463 fieret
1171 1457 1179 1471 ‚

504 1483 636 1517 indicat
655 1483 841 1517 Columell.
855 1483 915 1516 lib.
931 1484 1019 1522 XII,
1038 1495 1139 1528 capp.
1155 1495 1174 1526 7

504 1545 538 1570 et
558 1536 601 1570 25
622 1549 630 1570 ;
657 1554 670 1566 u
688 1535 825 1570 Deinde
846 1536 982 1581 salsugo
1003 1536 1151 1581 piscium
1169 1549 1175 1568 2

502 1590 614 1635 pisces
637 1589 733 1623 enim
753 1589 789 1622 in
811 1589 1006 1634 liquamine
1029 1600 1088 1621 seu
1111 1590 1175 1621 sal-

503 1650 658 1676 samento
688 1642 795 1676 soluti
824 1642 1010 1674 humorem
1040 1642 1177 1687 liquant

505 1707 612 1741 quam
635 1695 843 1740 salsuginem
865 1707 925 1728 seu
945 1694 1092 1727 muriam
1116 1706 1175 1739 ap-

502 1748 644 1793 pellant.
658 1766 671 1778 »
687 1748 770 1781 Tria
784 1760 935 1793 namque
946 1747 1177 1793 liquaminum

505 1810 604 1835 erant
618 1801 923 1847 geuera,primum
939 1799 1035 1846 quod
1045 1813 1063 1833 e
1072 1812 1177 1833 scom-

1235 1060 1299 1093 bro
1317 1073 1429 1104 gar-um
1446 1060 1665 1106 appellabant
1682 1072 1689 1093 ε
1705 1060 1851 1093 alterum
1869 1072 1911 1093 ex

1236 1113 1374 1159 thynno
1403 1113 1497 1158 pisce
1529 1113 1656 1146 factum
1674 1139 1682 1154 ‚
1711 1112 1808 1159 quod
1843 1126 1910 1146 mu-

1237 1169 1314 1198 riam
1327 1179 1337 1199 :
1353 1166 1494 1199 tertium
1519 1165 1613 1211 quod
1633 1179 1674 1200 ex
1700 1166 1824 1211 quovis
1845 1166 1911 1198 mi-

1236 1219 1378 1252 nutiore
1393 1241 1403 1256 ‚
1425 1218 1676 1259 deterrimum,
1697 1217 1804 1264 idque
1825 1219 1912 1251 halec

1238 1272 1290 1304 vel
1303 1272 1369 1304 alec
1381 1270 1653 1305 dicebant.Vide
1665 1271 1789 1305 Horat.
1800 1271 1909 1305 Serm.

1239 1325 1290 1366 11,
1304 1324 1373 1358 Sat.
1387 1337 1435 1366 lv,
1448 1323 1539 1369 731«
1555 1325 1628 1370 Ego
1647 1325 1763 1358 faecem
1778 1324 1912 1370 primus

1239 1386 1272 1410 et
1292 1377 1388 1410 halec
1410 1378 1568 1410 Inveni.»

1297 1443 1308 1464 1
1322 1457 1327 1463 .
1345 1431 1572 1475 Antipolitani.
1586 1430 1782 1475 Antipolis,
1792 1429 1914 1463 civitas

1239 1483 1427 1529 provinciae
1437 1483 1674 1517 Narbonensis
1683 1508 1693 1523 ,
1702 1481 1798 1516 unde
1813 1481 1916 1528 thyn-

1238 1548 1303 1569 nus
1329 1536 1539 1569 afferehatur
1569 1535 1838 1569 laudatissimus.
1862 1557 1915 1561 —

1238 1589 1324 1622 Filia
1348 1589 1467 1633 dimini.
1490 1590 1684 1634 Liquamen
1715 1589 1783 1622 sale
1808 1588 1914 1633 thyn-

1237 1643 1273 1674 ni
1290 1642 1405 1675 soluti.
1423 1641 1505 1674 Vid.
1526 1654 1643 1687 supra.

1294 1707 1326 1727 2.
1345 1696 1455 1727 Essem
1483 1697 1521 1726 si.
1550 1694 1625 1727 Hoc
1652 1703 1724 1735 est,
1743 1694 1777 1728 Si
1807 1705 1914 1728 essem

1238 1759 1378 1792 garum,
1407 1747 1451 1780 de
1472 1760 1542 1792 quo
1566 1760 1688 1793 supra,
1713 1759 1786 1780 non
1806 1745 1850 1779 ad
1881 1754 1914 1779 te

1238 1812 1445 1846 pauperem,
1459 1799 1519 1834 sed
1533 1799 1575 1833 ad
1590 1799 1734 1833 divitem
1747 1799 1914 1833 mitterer.

1131 1939 1287 1996 CIV.

998 2077 1110 2105 MEL
1156 2077 1426 2105 ATTICUM.

580 2187 682 2230 Hoc
713 2184 788 2228 tibi
816 2183 971 2227 Thesei
1002 2183 1250 2244 populatrix
1279 2185 1395 2227 misit
1427 2185 1619 2243 Hymetti

649 2253 847 2299 Pallados
873 2270 897 2297 a
929 2253 1043 2297 silvis
1075 2253 1217 2298 nobile
1246 2263 1397 2297 nectar
1421 2255 1526 2314 apis.

582 2372 649 2415 Σοὶ
668 2366 764 2415 τόδε
792 2371 962 2418 Θησείου
994 2374 1284 2432 προνομεύτρια
1309 2370 1463 2429 πέμψεν
1486 2362 1678 2431 Ῡμτῖττου

650 2437 868 2491 Παλλάδος
890 2444 934 2484 ἐκ
957 2438 1133 2501 ξυλόχων
1157 2437 1234 2489 ἡδὺ
1261 2444 1429 2502 μέλισσα
1454 2442 1584 2502 γάνος.

571 2578 598 2598 1.
640 2565 747 2597 Thesei
785 2564 937 2609 Hymetti.
976 2564 1108 2596 Montis
1153 2565 1185 2596 in

518 2619 650 2659 Attica,
683 2618 730 2651 sic
762 2616 846 2651 dicti
877 2631 894 2649 a
919 2617 1064 2650 Theseo.

570 2685 599 2704 2.
617 2671 771 2703 Pallados
790 2684 809 2702 a
826 2670 921 2703 sila-1⁴³.
942 2669 1065 2704 Attica:
1094 2670 1185 2704 enim

1249 2563 1408 2610 praesidet
1435 2564 1554 2597 Pallas.
1582 2586 1631 2590 -—
1657 2563 1771 2597 Nobile
1797 2571 1911 2596 nectar.

1249 2618 1323 2650 Hoc
1360 2625 1425 2655 est,
1466 2617 1534 2650 mel
1567 2617 1721 2651 Atticum
1757 2615 1915 2649 omnium

1249 2670 1580 2715 praestantissimum.
