<?xml version="1.0" encoding="UTF-8"?>
<!DOCTYPE html PUBLIC "-//W3C//DTD XHTML 1.0 Transitional//EN"
    "http://www.w3.org/TR/xhtml1/DTD/xhtml1-transitional.dtd">
<html xmlns="http://www.w3.org/1999/xhtml" xml:lang="en" lang="en">
 <head>
  <title>
</title>
<meta http-equiv="Content-Type" content="text/html;charset=utf-8" />
  <meta name='ocr-system' content='tesseract 3.04.00' />
  <meta name='ocr-capabilities' content='ocr_page ocr_carea ocr_par ocr_line ocrx_word'/>
</head>
<body>
  <div class='ocr_page' id='page_1' title='image "./epigrammata03martuoft/epigrammata03martuoft_0035.png"; bbox 0 0 1901 3259; ppageno 0'>
   <div class='ocr_carea' id='block_1_1' title="bbox 365 225 1279 270">
    <p class='ocr_par' dir='ltr' id='par_1_1' title="bbox 365 225 1279 270">
     <span class='ocr_line' id='line_1_1' title="bbox 365 225 1279 270; baseline 0.001 -2"><span class='ocrx_word' id='word_1_1' title='bbox 365 225 960 270; x_wconf 78' lang='lat' dir='ltr'><strong>EPIGRAMMATUM</strong></span> <span class='ocrx_word' id='word_1_2' title='bbox 997 226 1122 269; x_wconf 90' lang='lat' dir='ltr'>LIB.</span> <span class='ocrx_word' id='word_1_3' title='bbox 1161 226 1279 269; x_wconf 88' lang='lat' dir='ltr'>XII.</span> 
     </span>
    </p>
   </div>
   <div class='ocr_carea' id='block_1_2' title="bbox 1467 241 1528 288">
    <p class='ocr_par' dir='ltr' id='par_1_2' title="bbox 1467 241 1528 288">
     <span class='ocr_line' id='line_1_2' title="bbox 1467 241 1528 288; baseline 0 0"><span class='ocrx_word' id='word_1_4' title='bbox 1467 241 1528 288; x_wconf 86' lang='lat'>¹9</span> 
     </span>
    </p>
   </div>
   <div class='ocr_carea' id='block_1_3' title="bbox 748 376 892 432">
    <p class='ocr_par' dir='ltr' id='par_1_3' title="bbox 748 376 892 432">
     <span class='ocr_line' id='line_1_3' title="bbox 748 376 892 432; baseline 0 0"><span class='ocrx_word' id='word_1_5' title='bbox 748 376 892 432; x_wconf 89' lang='lat' dir='ltr'>XX.</span> 
     </span>
    </p>
   </div>
   <div class='ocr_carea' id='block_1_4' title="bbox 610 539 1044 568">
    <p class='ocr_par' dir='ltr' id='par_1_4' title="bbox 610 539 1044 568">
     <span class='ocr_line' id='line_1_4' title="bbox 610 539 1044 568; baseline 0.002 -3"><span class='ocrx_word' id='word_1_6' title='bbox 610 539 677 567; x_wconf 59' lang='lat' dir='ltr'>AD</span> <span class='ocrx_word' id='word_1_7' title='bbox 718 539 1044 568; x_wconf 79' lang='lat' dir='ltr'>FABULLUM.</span> 
     </span>
    </p>
   </div>
   <div class='ocr_carea' id='block_1_5' title="bbox 256 657 1177 774">
    <p class='ocr_par' dir='ltr' id='par_1_5' title="bbox 256 657 1177 774">
     <span class='ocr_line' id='line_1_5' title="bbox 256 657 1177 719; baseline -0.002 -15"><span class='ocrx_word' id='word_1_8' title='bbox 256 660 427 717; x_wconf 78' lang='lat' dir='ltr'><strong>QUARE</strong></span> <span class='ocrx_word' id='word_1_9' title='bbox 457 674 547 702; x_wconf 92' lang='lat' dir='ltr'>non</span> <span class='ocrx_word' id='word_1_10' title='bbox 572 658 756 712; x_wconf 77' lang='lat' dir='ltr'>habeat,</span> <span class='ocrx_word' id='word_1_11' title='bbox 786 657 991 712; x_wconf 78' lang='lat' dir='ltr'>Fabulle,</span> <span class='ocrx_word' id='word_1_12' title='bbox 1020 659 1177 719; x_wconf 87' lang='lat' dir='ltr'>quaeris</span> 
     </span>
     <span class='ocr_line' id='line_1_6' title="bbox 258 727 1156 774; baseline -0.002 0"><span class='ocrx_word' id='word_1_13' title='bbox 258 731 456 774; x_wconf 83' lang='lat' dir='ltr'>Uxorem</span> <span class='ocrx_word' id='word_1_14' title='bbox 477 727 747 773; x_wconf 78' lang='lat' dir='ltr'>Themison?</span> <span class='ocrx_word' id='word_1_15' title='bbox 773 729 919 773; x_wconf 85' lang='lat' dir='ltr'>Habet</span> <span class='ocrx_word' id='word_1_16' title='bbox 948 745 1156 773; x_wconf 88' lang='lat' dir='ltr'>sororem.</span> 
     </span>
    </p>
   </div>
   <div class='ocr_carea' id='block_1_6' title="bbox 177 865 1346 913">
    <p class='ocr_par' dir='ltr' id='par_1_6' title="bbox 177 865 1346 913">
     <span class='ocr_line' id='line_1_7' title="bbox 177 865 1346 913; baseline 0.001 -12"><span class='ocrx_word' id='word_1_17' title='bbox 177 881 212 903; x_wconf 78' lang='lat'>2.</span> <span class='ocrx_word' id='word_1_18' title='bbox 231 868 341 901; x_wconf 77' lang='lat' dir='ltr'>Habet</span> <span class='ocrx_word' id='word_1_19' title='bbox 361 880 508 900; x_wconf 78' lang='lat' dir='ltr'>sororem.</span> <span class='ocrx_word' id='word_1_20' title='bbox 527 866 604 899; x_wconf 90' lang='lat' dir='ltr'>Hoc</span> <span class='ocrx_word' id='word_1_21' title='bbox 625 874 698 907; x_wconf 88' lang='lat' dir='ltr'>est,</span> <span class='ocrx_word' id='word_1_22' title='bbox 715 866 872 899; x_wconf 80' lang='lat' dir='ltr'>amicam.</span> <span class='ocrx_word' id='word_1_23' title='bbox 887 865 982 899; x_wconf 86' lang='lat' dir='ltr'><strong>Vide</strong></span> <span class='ocrx_word' id='word_1_24' title='bbox 1003 867 1067 900; x_wconf 90' lang='lat' dir='ltr'>lib.</span> <span class='ocrx_word' id='word_1_25' title='bbox 1087 868 1142 908; x_wconf 84' lang='grc' dir='ltr'>ΙΙ,</span> <span class='ocrx_word' id='word_1_26' title='bbox 1165 868 1274 913; x_wconf 85' lang='lat' dir='ltr'>epigr.</span> <span class='ocrx_word' id='word_1_27' title='bbox 1297 880 1346 902; x_wconf 77' lang='grc' dir='ltr'>ιν.</span> 
     </span>
    </p>
   </div>
   <div class='ocr_carea' id='block_1_7' title="bbox 742 1003 924 1058">
    <p class='ocr_par' dir='ltr' id='par_1_7' title="bbox 742 1003 924 1058">
     <span class='ocr_line' id='line_1_8' title="bbox 742 1003 924 1058; baseline 0.005 -1"><span class='ocrx_word' id='word_1_28' title='bbox 742 1003 924 1058; x_wconf 87' lang='lat' dir='ltr'><strong>XXI.</strong></span> 
     </span>
    </p>
   </div>
   <div class='ocr_carea' id='block_1_8' title="bbox 580 1162 649 1189">
    <p class='ocr_par' dir='ltr' id='par_1_8' title="bbox 580 1162 649 1189">
     <span class='ocr_line' id='line_1_9' title="bbox 580 1162 649 1189; baseline 0 0"><span class='ocrx_word' id='word_1_29' title='bbox 580 1162 649 1189; x_wconf 75' lang='lat' dir='ltr'>AD</span> 
     </span>
    </p>
   </div>
   <div class='ocr_carea' id='block_1_9' title="bbox 688 1141 1094 1190">
    <p class='ocr_par' dir='ltr' id='par_1_9' title="bbox 688 1141 1094 1190">
     <span class='ocr_line' id='line_1_10' title="bbox 688 1141 1094 1190; baseline -0.002 -1"><span class='ocrx_word' id='word_1_30' title='bbox 688 1141 1094 1190; x_wconf 61' lang='lat' dir='ltr'>ii1ARcELLAn1.*</span> 
     </span>
    </p>
   </div>
   <div class='ocr_carea' id='block_1_10' title="bbox 195 1273 1337 1689">
    <p class='ocr_par' dir='ltr' id='par_1_10' title="bbox 195 1273 1337 1616">
     <span class='ocr_line' id='line_1_11' title="bbox 195 1273 1332 1335; baseline -0.001 -14"><span class='ocrx_word' id='word_1_31' title='bbox 195 1277 477 1322; x_wconf 79' lang='lat' dir='ltr'><strong>MUNICIPEM</strong></span> <span class='ocrx_word' id='word_1_32' title='bbox 506 1273 634 1335; x_wconf 83' lang='lat' dir='ltr'>rigidi</span> <span class='ocrx_word' id='word_1_33' title='bbox 660 1274 755 1334; x_wconf 85' lang='lat' dir='ltr'>quis</span> <span class='ocrx_word' id='word_1_34' title='bbox 783 1283 852 1327; x_wconf 87' lang='lat' dir='ltr'>te,</span> <span class='ocrx_word' id='word_1_35' title='bbox 879 1273 1115 1330; x_wconf 83' lang='lat' dir='ltr'>Marcella,</span> <span class='ocrx_word' id='word_1_36' title='bbox 1142 1274 1332 1331; x_wconf 75' lang='lat' dir='ltr'>Salonis⁷</span> 
     </span>
     <span class='ocr_line' id='line_1_12' title="bbox 266 1345 1273 1407; baseline 0 -17"><span class='ocrx_word' id='word_1_37' title='bbox 266 1349 323 1390; x_wconf 89' lang='lat' dir='ltr'>Et</span> <span class='ocrx_word' id='word_1_38' title='bbox 349 1346 540 1407; x_wconf 82' lang='lat' dir='ltr'>genitam</span> <span class='ocrx_word' id='word_1_39' title='bbox 565 1345 725 1388; x_wconf 84' lang='lat' dir='ltr'>nostris</span> <span class='ocrx_word' id='word_1_40' title='bbox 749 1345 844 1405; x_wconf 88' lang='lat' dir='ltr'>quis</span> <span class='ocrx_word' id='word_1_41' title='bbox 871 1353 995 1405; x_wconf 78' lang='lat' dir='ltr'>putet</span> <span class='ocrx_word' id='word_1_42' title='bbox 1018 1362 1111 1389; x_wconf 87' lang='lat' dir='ltr'>esse</span> <span class='ocrx_word' id='word_1_43' title='bbox 1134 1345 1273 1390; x_wconf 77' lang='lat' dir='ltr'>locis?</span> 
     </span>
     <span class='ocr_line' id='line_1_13' title="bbox 195 1414 1337 1476; baseline 0.001 -15"><span class='ocrx_word' id='word_1_44' title='bbox 195 1420 305 1461; x_wconf 87' lang='lat' dir='ltr'>Tam</span> <span class='ocrx_word' id='word_1_45' title='bbox 330 1433 477 1460; x_wconf 89' lang='lat' dir='ltr'>rarum</span> <span class='ocrx_word' id='word_1_46' title='bbox 495 1452 506 1471; x_wconf 82' lang='lat'>‚</span> <span class='ocrx_word' id='word_1_47' title='bbox 533 1425 622 1459; x_wconf 82' lang='lat' dir='ltr'>tam</span> <span class='ocrx_word' id='word_1_48' title='bbox 649 1414 776 1459; x_wconf 81' lang='lat' dir='ltr'>dulce</span> <span class='ocrx_word' id='word_1_49' title='bbox 803 1417 941 1476; x_wconf 81' lang='lat' dir='ltr'>sapis:</span> <span class='ocrx_word' id='word_1_50' title='bbox 965 1415 1145 1460; x_wconf 83' lang='lat' dir='ltr'>Pallatia</span> <span class='ocrx_word' id='word_1_51' title='bbox 1166 1417 1337 1473; x_wconf 84' lang='lat' dir='ltr'>dicent,</span> 
     </span>
     <span class='ocr_line' id='line_1_14' title="bbox 265 1485 1188 1541; baseline -0.001 -9"><span class='ocrx_word' id='word_1_52' title='bbox 265 1486 495 1532; x_wconf 84' lang='lat' dir='ltr'>Audierint</span> <span class='ocrx_word' id='word_1_53' title='bbox 521 1488 556 1530; x_wconf 92' lang='lat' dir='ltr'>si</span> <span class='ocrx_word' id='word_1_54' title='bbox 578 1496 620 1530; x_wconf 87' lang='lat' dir='ltr'>te</span> <span class='ocrx_word' id='word_1_55' title='bbox 645 1485 714 1530; x_wconf 86' lang='lat' dir='ltr'>vel</span> <span class='ocrx_word' id='word_1_56' title='bbox 740 1485 897 1541; x_wconf 83' lang='lat' dir='ltr'>semel,</span> <span class='ocrx_word' id='word_1_57' title='bbox 923 1503 1016 1530; x_wconf 87' lang='lat' dir='ltr'>esse</span> <span class='ocrx_word' id='word_1_58' title='bbox 1041 1503 1188 1541; x_wconf 83' lang='lat' dir='ltr'>suam3</span> 
     </span>
     <span class='ocr_line' id='line_1_15' title="bbox 195 1556 1254 1616; baseline -0.001 -13"><span class='ocrx_word' id='word_1_59' title='bbox 195 1557 328 1604; x_wconf 87' lang='lat' dir='ltr'>Nulla</span> <span class='ocrx_word' id='word_1_60' title='bbox 354 1574 434 1602; x_wconf 90' lang='lat' dir='ltr'>nec</span> <span class='ocrx_word' id='word_1_61' title='bbox 461 1558 506 1600; x_wconf 91' lang='lat' dir='ltr'>in</span> <span class='ocrx_word' id='word_1_62' title='bbox 531 1556 675 1601; x_wconf 83' lang='lat' dir='ltr'>media</span> <span class='ocrx_word' id='word_1_63' title='bbox 700 1557 884 1601; x_wconf 81' lang='lat' dir='ltr'>certabit</span> <span class='ocrx_word' id='word_1_64' title='bbox 910 1566 1012 1601; x_wconf 89' lang='lat' dir='ltr'>nata</span> <span class='ocrx_word' id='word_1_65' title='bbox 1036 1558 1254 1616; x_wconf 85' lang='lat' dir='ltr'>Suburra,</span> 
     </span>
    </p>

    <p class='ocr_par' dir='ltr' id='par_1_11' title="bbox 267 1626 1087 1689">
     <span class='ocr_line' id='line_1_16' title="bbox 267 1626 1087 1689; baseline -0.002 -16"><span class='ocrx_word' id='word_1_66' title='bbox 267 1629 361 1673; x_wconf 84' lang='lat' dir='ltr'>Nec</span> <span class='ocrx_word' id='word_1_67' title='bbox 385 1627 621 1689; x_wconf 85' lang='lat' dir='ltr'>Capitolini</span> <span class='ocrx_word' id='word_1_68' title='bbox 647 1626 768 1672; x_wconf 88' lang='lat' dir='ltr'>collis</span> <span class='ocrx_word' id='word_1_69' title='bbox 794 1627 972 1671; x_wconf 85' lang='lat' dir='ltr'>alumna</span> <span class='ocrx_word' id='word_1_70' title='bbox 996 1629 1087 1672; x_wconf 89' lang='lat' dir='ltr'>tibi.</span> 
     </span>
    </p>
   </div>
   <div class='ocr_carea' id='block_1_11' title="bbox 130 1751 824 2700">
    <p class='ocr_par' dir='ltr' id='par_1_12' title="bbox 130 1751 808 1856">
     <span class='ocr_line' id='line_1_17' title="bbox 175 1751 808 1800; baseline -0.005 -10"><span class='ocrx_word' id='word_1_71' title='bbox 175 1751 192 1766; x_wconf 81' lang='lat'><strong>*</strong></span> <span class='ocrx_word' id='word_1_72' title='bbox 206 1757 362 1790; x_wconf 79' lang='lat' dir='ltr'>Uxorem</span> <span class='ocrx_word' id='word_1_73' title='bbox 376 1755 564 1795; x_wconf 81' lang='lat' dir='ltr'>Martialis,</span> <span class='ocrx_word' id='word_1_74' title='bbox 584 1754 629 1789; x_wconf 86' lang='lat' dir='ltr'>de</span> <span class='ocrx_word' id='word_1_75' title='bbox 646 1767 714 1800; x_wconf 91' lang='lat' dir='ltr'>qua</span> <span class='ocrx_word' id='word_1_76' title='bbox 727 1753 808 1787; x_wconf 83' lang='lat' dir='ltr'>vide</span> 
     </span>
     <span class='ocr_line' id='line_1_18' title="bbox 130 1808 491 1856; baseline -0.011 -12"><span class='ocrx_word' id='word_1_77' title='bbox 130 1810 241 1856; x_wconf 84' lang='lat' dir='ltr'>epigr.</span> <span class='ocrx_word' id='word_1_78' title='bbox 261 1821 363 1847; x_wconf 71' lang='lat' dir='ltr'>xxm,</span> <span class='ocrx_word' id='word_1_79' title='bbox 387 1808 491 1841; x_wconf 86' lang='lat' dir='ltr'>infra.</span> 
     </span>
    </p>

    <p class='ocr_par' dir='ltr' id='par_1_13' title="bbox 132 1859 811 2121">
     <span class='ocr_line' id='line_1_19' title="bbox 183 1859 810 1894; baseline -0.005 1"><span class='ocrx_word' id='word_1_80' title='bbox 183 1882 236 1889; x_wconf 92' lang='lat'>—</span> <span class='ocrx_word' id='word_1_81' title='bbox 265 1861 467 1894; x_wconf 83' lang='lat' dir='ltr'>Marcellam</span> <span class='ocrx_word' id='word_1_82' title='bbox 502 1872 649 1893; x_wconf 86' lang='lat' dir='ltr'>uxorem</span> <span class='ocrx_word' id='word_1_83' title='bbox 685 1859 810 1893; x_wconf 87' lang='lat' dir='ltr'>habuit</span> 
     </span>
     <span class='ocr_line' id='line_1_20' title="bbox 132 1912 809 1958; baseline -0.007 -9"><span class='ocrx_word' id='word_1_84' title='bbox 132 1917 260 1955; x_wconf 84' lang='lat' dir='ltr'>Poeta;</span> <span class='ocrx_word' id='word_1_85' title='bbox 278 1913 397 1947; x_wconf 85' lang='lat' dir='ltr'>laudat</span> <span class='ocrx_word' id='word_1_86' title='bbox 414 1913 472 1947; x_wconf 89' lang='lat' dir='ltr'>hic</span> <span class='ocrx_word' id='word_1_87' title='bbox 494 1914 567 1958; x_wconf 86' lang='lat' dir='ltr'>ejus</span> <span class='ocrx_word' id='word_1_88' title='bbox 585 1912 786 1946; x_wconf 87' lang='lat' dir='ltr'>comitatem</span> <span class='ocrx_word' id='word_1_89' title='bbox 799 1938 809 1955; x_wconf 92' lang='lat'>,</span> 
     </span>
     <span class='ocr_line' id='line_1_21' title="bbox 132 1966 809 2014; baseline -0.006 -12"><span class='ocrx_word' id='word_1_90' title='bbox 132 1968 357 2014; x_wconf 86' lang='lat' dir='ltr'>prudentiam</span> <span class='ocrx_word' id='word_1_91' title='bbox 367 1992 376 2007; x_wconf 89' lang='lat'><strong>‚</strong></span> <span class='ocrx_word' id='word_1_92' title='bbox 387 1975 421 1999; x_wconf 90' lang='lat' dir='ltr'>et</span> <span class='ocrx_word' id='word_1_93' title='bbox 433 1978 573 1999; x_wconf 89' lang='lat' dir='ltr'>morum</span> <span class='ocrx_word' id='word_1_94' title='bbox 587 1966 790 2000; x_wconf 86' lang='lat' dir='ltr'>suavitatem</span> <span class='ocrx_word' id='word_1_95' title='bbox 800 1991 809 2006; x_wconf 91' lang='lat'>‚</span> 
     </span>
     <span class='ocr_line' id='line_1_22' title="bbox 132 2019 811 2067; baseline -0.006 -12"><span class='ocrx_word' id='word_1_96' title='bbox 132 2022 288 2067; x_wconf 85' lang='lat' dir='ltr'>ipsisque</span> <span class='ocrx_word' id='word_1_97' title='bbox 315 2020 469 2053; x_wconf 88' lang='lat' dir='ltr'>romanis</span> <span class='ocrx_word' id='word_1_98' title='bbox 488 2019 690 2052; x_wconf 87' lang='lat' dir='ltr'>Junonibus</span> <span class='ocrx_word' id='word_1_99' title='bbox 714 2031 811 2052; x_wconf 90' lang='lat' dir='ltr'>com-</span> 
     </span>
     <span class='ocr_line' id='line_1_23' title="bbox 132 2076 373 2121; baseline -0.012 -13"><span class='ocrx_word' id='word_1_100' title='bbox 132 2087 255 2121; x_wconf 71' lang='lat' dir='ltr'>parare</span> <span class='ocrx_word' id='word_1_101' title='bbox 266 2076 373 2118; x_wconf 83' lang='lat' dir='ltr'>juvat.</span> 
     </span>
    </p>

    <p class='ocr_par' dir='ltr' id='par_1_14' title="bbox 133 2123 824 2700">
     <span class='ocr_line' id='line_1_24' title="bbox 184 2123 813 2171; baseline -0.006 -10"><span class='ocrx_word' id='word_1_102' title='bbox 184 2140 216 2161; x_wconf 79' lang='grc' dir='ltr'>Ι.</span> <span class='ocrx_word' id='word_1_103' title='bbox 244 2127 444 2171; x_wconf 66' lang='lat' dir='ltr'>sssunlcipem.</span> <span class='ocrx_word' id='word_1_104' title='bbox 472 2124 560 2166; x_wconf 88' lang='lat' dir='ltr'>Quis</span> <span class='ocrx_word' id='word_1_105' title='bbox 589 2132 624 2157; x_wconf 91' lang='lat' dir='ltr'>te</span> <span class='ocrx_word' id='word_1_106' title='bbox 654 2123 813 2158; x_wconf 88' lang='lat' dir='ltr'>crederet</span> 
     </span>
     <span class='ocr_line' id='line_1_25' title="bbox 135 2177 811 2226; baseline -0.006 -13"><span class='ocrx_word' id='word_1_107' title='bbox 135 2180 326 2226; x_wconf 86' lang='lat' dir='ltr'>Hispanam</span> <span class='ocrx_word' id='word_1_108' title='bbox 340 2192 358 2212; x_wconf 93' lang='lat' dir='ltr'>e</span> <span class='ocrx_word' id='word_1_109' title='bbox 374 2178 492 2211; x_wconf 89' lang='lat' dir='ltr'>Bilbili</span> <span class='ocrx_word' id='word_1_110' title='bbox 509 2190 613 2223; x_wconf 83' lang='lat' dir='ltr'>quam</span> <span class='ocrx_word' id='word_1_111' title='bbox 633 2178 734 2210; x_wconf 88' lang='lat' dir='ltr'>alluit</span> <span class='ocrx_word' id='word_1_112' title='bbox 752 2177 811 2210; x_wconf 85' lang='lat' dir='ltr'>Sa-</span> 
     </span>
     <span class='ocr_line' id='line_1_26' title="bbox 133 2231 815 2273; baseline -0.004 -6"><span class='ocrx_word' id='word_1_113' title='bbox 133 2233 193 2267; x_wconf 80' lang='lat' dir='ltr'>lo?</span> <span class='ocrx_word' id='word_1_114' title='bbox 219 2231 341 2267; x_wconf 88' lang='lat' dir='ltr'>Credit</span> <span class='ocrx_word' id='word_1_115' title='bbox 367 2231 559 2273; x_wconf 80' lang='lat' dir='ltr'>nimirum,</span> <span class='ocrx_word' id='word_1_116' title='bbox 586 2238 645 2263; x_wconf 86' lang='lat' dir='ltr'>aut</span> <span class='ocrx_word' id='word_1_117' title='bbox 674 2231 815 2264; x_wconf 83' lang='lat' dir='ltr'>simulat</span> 
     </span>
     <span class='ocr_line' id='line_1_27' title="bbox 134 2284 816 2329; baseline -0.006 -9"><span class='ocrx_word' id='word_1_118' title='bbox 134 2285 278 2320; x_wconf 84' lang='lat' dir='ltr'>credere</span> <span class='ocrx_word' id='word_1_119' title='bbox 297 2297 348 2326; x_wconf 85' lang='lat' dir='ltr'>se,</span> <span class='ocrx_word' id='word_1_120' title='bbox 366 2296 539 2329; x_wconf 87' lang='lat' dir='ltr'>nusquam</span> <span class='ocrx_word' id='word_1_121' title='bbox 559 2284 717 2329; x_wconf 88' lang='lat' dir='ltr'>gentium</span> <span class='ocrx_word' id='word_1_122' title='bbox 739 2284 816 2328; x_wconf 90' lang='lat' dir='ltr'>pul·</span> 
     </span>
     <span class='ocr_line' id='line_1_28' title="bbox 135 2337 816 2395; baseline -0.004 -23"><span class='ocrx_word' id='word_1_123' title='bbox 135 2337 377 2373; x_wconf 89' lang='lat' dir='ltr'>chritudinem</span> <span class='ocrx_word' id='word_1_124' title='bbox 387 2363 395 2378; x_wconf 90' lang='lat'>,</span> <span class='ocrx_word' id='word_1_125' title='bbox 407 2338 563 2382; x_wconf 87' lang='lat' dir='ltr'>leporem</span> <span class='ocrx_word' id='word_1_126' title='bbox 574 2363 582 2377; x_wconf 95' lang='lat'>‚</span> <span class='ocrx_word' id='word_1_127' title='bbox 597 2337 816 2395; x_wconf 77' lang='lat' dir='ltr'>elegantiam,</span> 
     </span>
     <span class='ocr_line' id='line_1_29' title="bbox 136 2390 817 2434; baseline -0.001 -10"><span class='ocrx_word' id='word_1_128' title='bbox 136 2390 325 2424; x_wconf 84' lang='lat' dir='ltr'>munditias</span> <span class='ocrx_word' id='word_1_129' title='bbox 350 2402 445 2429; x_wconf 85' lang='lat' dir='ltr'>esse,</span> <span class='ocrx_word' id='word_1_130' title='bbox 467 2390 536 2423; x_wconf 88' lang='lat' dir='ltr'>nisi</span> <span class='ocrx_word' id='word_1_131' title='bbox 559 2390 667 2423; x_wconf 86' lang='lat' dir='ltr'>Urbis</span> <span class='ocrx_word' id='word_1_132' title='bbox 690 2390 817 2434; x_wconf 79' lang='lat' dir='ltr'>reginae</span> 
     </span>
     <span class='ocr_line' id='line_1_30' title="bbox 138 2442 818 2505; baseline -0.003 -28"><span class='ocrx_word' id='word_1_133' title='bbox 138 2444 230 2477; x_wconf 87' lang='lat' dir='ltr'>intra</span> <span class='ocrx_word' id='word_1_134' title='bbox 241 2456 380 2485; x_wconf 88' lang='lat' dir='ltr'>muros;</span> <span class='ocrx_word' id='word_1_135' title='bbox 393 2442 491 2489; x_wconf 88' lang='lat' dir='ltr'>quod</span> <span class='ocrx_word' id='word_1_136' title='bbox 501 2443 629 2505; x_wconf 79' lang='lat' dir='ltr'>vulgo</span> <span class='ocrx_word' id='word_1_137' title='bbox 622 2444 662 2476; x_wconf 73' lang='lat' dir='ltr'>iis</span> <span class='ocrx_word' id='word_1_138' title='bbox 675 2455 818 2488; x_wconf 87' lang='lat' dir='ltr'>persua-</span> 
     </span>
     <span class='ocr_line' id='line_1_31' title="bbox 137 2496 821 2542; baseline -0.003 -12"><span class='ocrx_word' id='word_1_139' title='bbox 137 2509 217 2531; x_wconf 85' lang='lat' dir='ltr'>sum</span> <span class='ocrx_word' id='word_1_140' title='bbox 234 2497 296 2542; x_wconf 89' lang='lat' dir='ltr'>qui</span> <span class='ocrx_word' id='word_1_141' title='bbox 315 2496 378 2530; x_wconf 84' lang='lat' dir='ltr'>diu</span> <span class='ocrx_word' id='word_1_142' title='bbox 394 2508 527 2541; x_wconf 82' lang='lat' dir='ltr'>magnae</span> <span class='ocrx_word' id='word_1_143' title='bbox 542 2496 696 2541; x_wconf 85' lang='lat' dir='ltr'>regionis</span> <span class='ocrx_word' id='word_1_144' title='bbox 713 2504 821 2541; x_wconf 86' lang='lat' dir='ltr'>caput</span> 
     </span>
     <span class='ocr_line' id='line_1_32' title="bbox 139 2549 821 2583; baseline -0.003 0"><span class='ocrx_word' id='word_1_145' title='bbox 139 2550 265 2583; x_wconf 89' lang='lat' dir='ltr'>urbem</span> <span class='ocrx_word' id='word_1_146' title='bbox 292 2557 448 2582; x_wconf 83' lang='lat' dir='ltr'>tenuere.</span> <span class='ocrx_word' id='word_1_147' title='bbox 473 2550 539 2582; x_wconf 85' lang='lat' dir='ltr'>En.</span> <span class='ocrx_word' id='word_1_148' title='bbox 543 2549 711 2582; x_wconf 86' lang='lat' dir='ltr'>——Fluvii</span> <span class='ocrx_word' id='word_1_149' title='bbox 725 2549 821 2582; x_wconf 83' lang='lat' dir='ltr'>Salo-</span> 
     </span>
     <span class='ocr_line' id='line_1_33' title="bbox 141 2600 820 2641; baseline -0.001 -6"><span class='ocrx_word' id='word_1_150' title='bbox 141 2604 201 2636; x_wconf 83' lang='lat' dir='ltr'>nis.</span> <span class='ocrx_word' id='word_1_151' title='bbox 213 2602 319 2636; x_wconf 74' lang='lat' dir='ltr'>Fluvii</span> <span class='ocrx_word' id='word_1_152' title='bbox 329 2602 462 2635; x_wconf 86' lang='lat' dir='ltr'>ferrum</span> <span class='ocrx_word' id='word_1_153' title='bbox 472 2600 642 2636; x_wconf 79' lang='lat' dir='ltr'>durantis.</span> <span class='ocrx_word' id='word_1_154' title='bbox 655 2602 734 2635; x_wconf 93' lang='lat' dir='ltr'>Lib.</span> <span class='ocrx_word' id='word_1_155' title='bbox 754 2602 807 2634; x_wconf 79' lang='lat' dir='ltr'>IV</span> <span class='ocrx_word' id='word_1_156' title='bbox 810 2625 820 2641; x_wconf 86' lang='lat'>,</span> 
     </span>
     <span class='ocr_line' id='line_1_34' title="bbox 142 2653 824 2700; baseline 0 -12"><span class='ocrx_word' id='word_1_157' title='bbox 142 2655 252 2700; x_wconf 84' lang='lat' dir='ltr'>epigr.</span> <span class='ocrx_word' id='word_1_158' title='bbox 266 2667 322 2696; x_wconf 73' lang='grc' dir='ltr'>ιν,</span> <span class='ocrx_word' id='word_1_159' title='bbox 334 2667 348 2688; x_wconf 94' lang='lat'>1</span> <span class='ocrx_word' id='word_1_160' title='bbox 359 2653 397 2688; x_wconf 83' lang='lat'>5:</span> <span class='ocrx_word' id='word_1_161' title='bbox 418 2655 626 2688; x_wconf 68' lang='lat' dir='ltr'>«Armorum</span> <span class='ocrx_word' id='word_1_162' title='bbox 642 2654 721 2688; x_wconf 89' lang='lat' dir='ltr'>Salo</span> <span class='ocrx_word' id='word_1_163' title='bbox 738 2663 824 2688; x_wconf 89' lang='lat' dir='ltr'>tem-</span> 
     </span>
    </p>
   </div>
   <div class='ocr_carea' id='block_1_12' title="bbox 868 1756 1550 1852">
    <p class='ocr_par' dir='ltr' id='par_1_15' title="bbox 868 1756 1550 1852">
     <span class='ocr_line' id='line_1_35' title="bbox 868 1756 1550 1805; baseline 0.01 -17"><span class='ocrx_word' id='word_1_164' title='bbox 868 1763 1046 1800; x_wconf 75' lang='lat' dir='ltr'>perator.»</span> <span class='ocrx_word' id='word_1_165' title='bbox 1061 1756 1165 1790; x_wconf 89' lang='lat' dir='ltr'>Conf.</span> <span class='ocrx_word' id='word_1_166' title='bbox 1180 1757 1290 1802; x_wconf 83' lang='lat' dir='ltr'>epigr.</span> <span class='ocrx_word' id='word_1_167' title='bbox 1306 1769 1368 1799; x_wconf 86' lang='lat'><em>111,</em></span> <span class='ocrx_word' id='word_1_168' title='bbox 1381 1771 1500 1805; x_wconf 80' lang='lat' dir='ltr'>sup.v.</span> <span class='ocrx_word' id='word_1_169' title='bbox 1515 1760 1550 1796; x_wconf 79' lang='grc'>3.</span> 
     </span>
     <span class='ocr_line' id='line_1_36' title="bbox 926 1809 1309 1852; baseline 0.01 -12"><span class='ocrx_word' id='word_1_170' title='bbox 926 1820 958 1841; x_wconf 84' lang='lat'>2.</span> <span class='ocrx_word' id='word_1_171' title='bbox 986 1809 1062 1852; x_wconf 79' lang='lat' dir='ltr'>Qui.</span> <span class='ocrx_word' id='word_1_172' title='bbox 1084 1809 1158 1842; x_wconf 88' lang='lat' dir='ltr'>MS.</span> <span class='ocrx_word' id='word_1_173' title='bbox 1173 1811 1309 1844; x_wconf 86' lang='lat' dir='ltr'>Beverl.</span> 
     </span>
    </p>
   </div>
   <div class='ocr_carea' id='block_1_13' title="bbox 869 1860 1562 2699">
    <p class='ocr_par' dir='ltr' id='par_1_16' title="bbox 869 1860 1552 2123">
     <span class='ocr_line' id='line_1_37' title="bbox 926 1860 1549 1907; baseline 0.013 -14"><span class='ocrx_word' id='word_1_174' title='bbox 926 1860 960 1894; x_wconf 83' lang='lat'>3.</span> <span class='ocrx_word' id='word_1_175' title='bbox 992 1862 1137 1894; x_wconf 75' lang='lat' dir='ltr'>Pallatia</span> <span class='ocrx_word' id='word_1_176' title='bbox 1154 1863 1271 1897; x_wconf 77' lang='lat' dir='ltr'>dicent.</span> <span class='ocrx_word' id='word_1_177' title='bbox 1293 1865 1425 1907; x_wconf 88' lang='lat' dir='ltr'>Roma,</span> <span class='ocrx_word' id='word_1_178' title='bbox 1454 1867 1484 1899; x_wconf 88' lang='lat' dir='ltr'>si</span> <span class='ocrx_word' id='word_1_179' title='bbox 1514 1875 1549 1900; x_wconf 87' lang='lat' dir='ltr'>te</span> 
     </span>
     <span class='ocr_line' id='line_1_38' title="bbox 869 1912 1551 1961; baseline 0.013 -16"><span class='ocrx_word' id='word_1_180' title='bbox 869 1912 1006 1955; x_wconf 85' lang='lat' dir='ltr'>videat,</span> <span class='ocrx_word' id='word_1_181' title='bbox 1027 1913 1120 1948; x_wconf 89' lang='lat' dir='ltr'>dicet</span> <span class='ocrx_word' id='word_1_182' title='bbox 1135 1923 1169 1948; x_wconf 89' lang='lat' dir='ltr'>te</span> <span class='ocrx_word' id='word_1_183' title='bbox 1187 1915 1283 1961; x_wconf 85' lang='lat' dir='ltr'>apud</span> <span class='ocrx_word' id='word_1_184' title='bbox 1301 1929 1338 1950; x_wconf 85' lang='lat' dir='ltr'>se</span> <span class='ocrx_word' id='word_1_185' title='bbox 1353 1927 1471 1952; x_wconf 80' lang='lat' dir='ltr'>natam</span> <span class='ocrx_word' id='word_1_186' title='bbox 1484 1945 1494 1961; x_wconf 90' lang='lat'>,</span> <span class='ocrx_word' id='word_1_187' title='bbox 1516 1928 1551 1954; x_wconf 89' lang='lat' dir='ltr'>et</span> 
     </span>
     <span class='ocr_line' id='line_1_39' title="bbox 870 1965 1551 2016; baseline 0.012 -17"><span class='ocrx_word' id='word_1_188' title='bbox 870 1965 1055 2000; x_wconf 83' lang='lat' dir='ltr'>educatam</span> <span class='ocrx_word' id='word_1_189' title='bbox 1068 1968 1105 2000; x_wconf 92' lang='lat' dir='ltr'>in</span> <span class='ocrx_word' id='word_1_190' title='bbox 1118 1967 1193 2013; x_wconf 85' lang='lat' dir='ltr'>ipsa</span> <span class='ocrx_word' id='word_1_191' title='bbox 1203 1970 1376 2016; x_wconf 87' lang='lat' dir='ltr'>principis</span> <span class='ocrx_word' id='word_1_192' title='bbox 1387 1973 1475 2006; x_wconf 85' lang='lat' dir='ltr'>aula.</span> <span class='ocrx_word' id='word_1_193' title='bbox 1493 1973 1551 2007; x_wconf 89' lang='lat' dir='ltr'>Sic</span> 
     </span>
     <span class='ocr_line' id='line_1_40' title="bbox 869 2019 1552 2066; baseline 0.013 -15"><span class='ocrx_word' id='word_1_194' title='bbox 869 2019 931 2052; x_wconf 88' lang='lat' dir='ltr'>lib.</span> <span class='ocrx_word' id='word_1_195' title='bbox 952 2020 1022 2060; x_wconf 94' lang='lat' dir='ltr'>XI,</span> <span class='ocrx_word' id='word_1_196' title='bbox 1038 2033 1093 2066; x_wconf 92' lang='lat' dir='ltr'>ep.</span> <span class='ocrx_word' id='word_1_197' title='bbox 1114 2033 1185 2054; x_wconf 83' lang='lat' dir='ltr'>LIII</span> <span class='ocrx_word' id='word_1_198' title='bbox 1198 2048 1207 2064; x_wconf 90' lang='lat'>,</span> <span class='ocrx_word' id='word_1_199' title='bbox 1221 2035 1254 2056; x_wconf 84' lang='lat' dir='ltr'>v.</span> <span class='ocrx_word' id='word_1_200' title='bbox 1272 2027 1289 2056; x_wconf 83' lang='lat'>3</span> <span class='ocrx_word' id='word_1_201' title='bbox 1308 2034 1315 2056; x_wconf 92' lang='lat'>:</span> <span class='ocrx_word' id='word_1_202' title='bbox 1333 2026 1552 2060; x_wconf 71' lang='lat' dir='ltr'>«Romanam</span> 
     </span>
     <span class='ocr_line' id='line_1_41' title="bbox 873 2071 1545 2123; baseline 0.015 -19"><span class='ocrx_word' id='word_1_203' title='bbox 873 2071 1015 2105; x_wconf 84' lang='lat' dir='ltr'>credere</span> <span class='ocrx_word' id='word_1_204' title='bbox 1035 2082 1163 2108; x_wconf 89' lang='lat' dir='ltr'>matres</span> <span class='ocrx_word' id='word_1_205' title='bbox 1185 2075 1328 2110; x_wconf 87' lang='lat' dir='ltr'>Italides</span> <span class='ocrx_word' id='word_1_206' title='bbox 1350 2088 1508 2123; x_wconf 89' lang='lat' dir='ltr'>possunt.</span> <span class='ocrx_word' id='word_1_207' title='bbox 1531 2097 1545 2110; x_wconf 70' lang='grc' dir='ltr'>π</span> 
     </span>
    </p>

    <p class='ocr_par' dir='ltr' id='par_1_17' title="bbox 870 2126 1554 2227">
     <span class='ocr_line' id='line_1_42' title="bbox 924 2126 1554 2173; baseline 0.016 -16"><span class='ocrx_word' id='word_1_208' title='bbox 924 2129 955 2166; x_wconf 64' lang='grc'>4.</span> <span class='ocrx_word' id='word_1_209' title='bbox 970 2126 1152 2160; x_wconf 81' lang='lat' dir='ltr'>Audierint.</span> <span class='ocrx_word' id='word_1_210' title='bbox 1173 2128 1315 2162; x_wconf 83' lang='lat' dir='ltr'>Morum</span> <span class='ocrx_word' id='word_1_211' title='bbox 1328 2131 1480 2173; x_wconf 87' lang='lat' dir='ltr'>scilicet,</span> <span class='ocrx_word' id='word_1_212' title='bbox 1501 2134 1554 2166; x_wconf 86' lang='lat' dir='ltr'>in·</span> 
     </span>
     <span class='ocr_line' id='line_1_43' title="bbox 870 2178 1405 2227; baseline 0.015 -17"><span class='ocrx_word' id='word_1_213' title='bbox 870 2178 964 2224; x_wconf 84' lang='lat' dir='ltr'>genii</span> <span class='ocrx_word' id='word_1_214' title='bbox 984 2187 1018 2212; x_wconf 89' lang='lat' dir='ltr'>et</span> <span class='ocrx_word' id='word_1_215' title='bbox 1034 2180 1164 2225; x_wconf 82' lang='lat' dir='ltr'>linguae</span> <span class='ocrx_word' id='word_1_216' title='bbox 1186 2181 1405 2227; x_wconf 81' lang='lat' dir='ltr'>elegantiam.</span> 
     </span>
    </p>

    <p class='ocr_par' dir='ltr' id='par_1_18' title="bbox 872 2231 1562 2699">
     <span class='ocr_line' id='line_1_44' title="bbox 928 2231 1552 2284; baseline 0.016 -20"><span class='ocrx_word' id='word_1_217' title='bbox 928 2231 961 2265; x_wconf 82' lang='grc'>5.</span> <span class='ocrx_word' id='word_1_218' title='bbox 992 2232 1068 2265; x_wconf 84' lang='lat' dir='ltr'>Ulla</span> <span class='ocrx_word' id='word_1_219' title='bbox 1094 2234 1217 2279; x_wconf 86' lang='lat' dir='ltr'>legunt</span> <span class='ocrx_word' id='word_1_220' title='bbox 1240 2235 1347 2281; x_wconf 86' lang='lat' dir='ltr'>aliqui</span> <span class='ocrx_word' id='word_1_221' title='bbox 1368 2237 1552 2284; x_wconf 87' lang='lat' dir='ltr'>duplicem</span> 
     </span>
     <span class='ocr_line' id='line_1_45' title="bbox 872 2285 1557 2333; baseline 0.013 -16"><span class='ocrx_word' id='word_1_222' title='bbox 872 2285 1107 2329; x_wconf 81' lang='lat' dir='ltr'>negationem,</span> <span class='ocrx_word' id='word_1_223' title='bbox 1122 2295 1162 2319; x_wconf 92' lang='lat' dir='ltr'>ut</span> <span class='ocrx_word' id='word_1_224' title='bbox 1177 2287 1324 2322; x_wconf 89' lang='lat' dir='ltr'>minime</span> <span class='ocrx_word' id='word_1_225' title='bbox 1336 2290 1491 2333; x_wconf 85' lang='lat' dir='ltr'>latinam,</span> <span class='ocrx_word' id='word_1_226' title='bbox 1506 2294 1557 2326; x_wconf 80' lang='lat' dir='ltr'>vi-</span> 
     </span>
     <span class='ocr_line' id='line_1_46' title="bbox 874 2341 1554 2391; baseline 0.015 -22"><span class='ocrx_word' id='word_1_227' title='bbox 874 2345 1005 2371; x_wconf 80' lang='lat' dir='ltr'>tantes:</span> <span class='ocrx_word' id='word_1_228' title='bbox 1021 2342 1151 2371; x_wconf 71' lang='lat' dir='ltr'>certarit</span> <span class='ocrx_word' id='word_1_229' title='bbox 1166 2353 1277 2386; x_wconf 86' lang='lat' dir='ltr'>marg.</span> <span class='ocrx_word' id='word_1_230' title='bbox 1295 2341 1350 2376; x_wconf 89' lang='lat' dir='ltr'>ed.</span> <span class='ocrx_word' id='word_1_231' title='bbox 1364 2344 1440 2378; x_wconf 78' lang='lat' dir='ltr'>Pai.</span> <span class='ocrx_word' id='word_1_232' title='bbox 1458 2349 1554 2391; x_wconf 84' lang='lat'>1617.</span> 
     </span>
     <span class='ocr_line' id='line_1_47' title="bbox 875 2390 1558 2443; baseline 0.017 -22"><span class='ocrx_word' id='word_1_233' title='bbox 875 2411 929 2417; x_wconf 83' lang='lat'>—-</span> <span class='ocrx_word' id='word_1_234' title='bbox 944 2390 1045 2424; x_wconf 55' lang='lat' dir='ltr'>,Ralla</span> <span class='ocrx_word' id='word_1_235' title='bbox 1066 2405 1132 2426; x_wconf 74' lang='lat' dir='ltr'>nee.</span> <span class='ocrx_word' id='word_1_236' title='bbox 1158 2394 1237 2426; x_wconf 91' lang='lat' dir='ltr'>Duo</span> <span class='ocrx_word' id='word_1_237' title='bbox 1259 2395 1317 2429; x_wconf 87' lang='lat' dir='ltr'>hic</span> <span class='ocrx_word' id='word_1_238' title='bbox 1339 2399 1558 2443; x_wconf 83' lang='lat' dir='ltr'>negationes,</span> 
     </span>
     <span class='ocr_line' id='line_1_48' title="bbox 877 2444 1560 2498; baseline 0.016 -23"><span class='ocrx_word' id='word_1_239' title='bbox 877 2456 976 2476; x_wconf 90' lang='lat' dir='ltr'>more</span> <span class='ocrx_word' id='word_1_240' title='bbox 1001 2444 1206 2478; x_wconf 79' lang='lat' dir='ltr'>Graecorum</span> <span class='ocrx_word' id='word_1_241' title='bbox 1231 2458 1424 2494; x_wconf 83' lang='lat' dir='ltr'>usurpatae,</span> <span class='ocrx_word' id='word_1_242' title='bbox 1451 2453 1560 2498; x_wconf 84' lang='lat' dir='ltr'>magis</span> 
     </span>
     <span class='ocr_line' id='line_1_49' title="bbox 878 2498 1559 2545; baseline 0.015 -16"><span class='ocrx_word' id='word_1_243' title='bbox 878 2505 1019 2542; x_wconf 84' lang='lat' dir='ltr'>negant.</span> <span class='ocrx_word' id='word_1_244' title='bbox 1044 2517 1095 2535; x_wconf 77' lang='lat'>—.-</span> <span class='ocrx_word' id='word_1_245' title='bbox 1115 2498 1269 2533; x_wconf 76' lang='lat' dir='ltr'>Cer-tabit.</span> <span class='ocrx_word' id='word_1_246' title='bbox 1294 2501 1371 2535; x_wconf 87' lang='lat' dir='ltr'>Hoc</span> <span class='ocrx_word' id='word_1_247' title='bbox 1393 2511 1464 2545; x_wconf 81' lang='lat' dir='ltr'>est,</span> <span class='ocrx_word' id='word_1_248' title='bbox 1494 2518 1559 2539; x_wconf 89' lang='lat' dir='ltr'>nec</span> 
     </span>
     <span class='ocr_line' id='line_1_50' title="bbox 880 2549 1560 2598; baseline 0.018 -17"><span class='ocrx_word' id='word_1_249' title='bbox 880 2549 950 2582; x_wconf 89' lang='lat' dir='ltr'>ulla</span> <span class='ocrx_word' id='word_1_250' title='bbox 960 2551 1162 2593; x_wconf 69' lang='lat' dir='ltr'>mulier,vel</span> <span class='ocrx_word' id='word_1_251' title='bbox 1178 2552 1292 2588; x_wconf 78' lang='lat' dir='ltr'>media</span> <span class='ocrx_word' id='word_1_252' title='bbox 1303 2555 1339 2587; x_wconf 90' lang='lat' dir='ltr'>in</span> <span class='ocrx_word' id='word_1_253' title='bbox 1353 2556 1451 2590; x_wconf 90' lang='lat' dir='ltr'>Urbe</span> <span class='ocrx_word' id='word_1_254' title='bbox 1466 2567 1560 2598; x_wconf 85' lang='lat' dir='ltr'>nata,</span> 
     </span>
     <span class='ocr_line' id='line_1_51' title="bbox 882 2604 1562 2653; baseline 0.018 -18"><span class='ocrx_word' id='word_1_255' title='bbox 882 2610 998 2636; x_wconf 87' lang='lat' dir='ltr'>tecum</span> <span class='ocrx_word' id='word_1_256' title='bbox 1007 2604 1198 2638; x_wconf 88' lang='lat' dir='ltr'>contendet</span> <span class='ocrx_word' id='word_1_257' title='bbox 1211 2605 1255 2639; x_wconf 88' lang='lat' dir='ltr'>de</span> <span class='ocrx_word' id='word_1_258' title='bbox 1270 2607 1440 2653; x_wconf 86' lang='lat' dir='ltr'>elegantia</span> <span class='ocrx_word' id='word_1_259' title='bbox 1454 2619 1489 2646; x_wconf 86' lang='lat' dir='ltr'>et</span> <span class='ocrx_word' id='word_1_260' title='bbox 1506 2625 1562 2646; x_wconf 90' lang='lat' dir='ltr'>co-</span> 
     </span>
     <span class='ocr_line' id='line_1_52' title="bbox 885 2664 1264 2699; baseline 0.011 -10"><span class='ocrx_word' id='word_1_261' title='bbox 885 2664 1006 2690; x_wconf 78' lang='lat' dir='ltr'>mitate</span> <span class='ocrx_word' id='word_1_262' title='bbox 1019 2670 1177 2699; x_wconf 90' lang='lat' dir='ltr'>morum,</span> <span class='ocrx_word' id='word_1_263' title='bbox 1200 2667 1264 2693; x_wconf 91' lang='lat' dir='ltr'>etc.</span> 
     </span>
    </p>
   </div>
   <div class='ocr_carea' id='block_1_14' title="bbox 1305 2730 1361 2776">
    <p class='ocr_par' dir='ltr' id='par_1_19' title="bbox 1305 2730 1361 2776">
     <span class='ocr_line' id='line_1_53' title="bbox 1305 2730 1361 2776; baseline 0 -28"><span class='ocrx_word' id='word_1_264' title='bbox 1305 2730 1361 2776; x_wconf 75' lang='grc'>22</span> 
     </span>
    </p>
   </div>
  </div>
 </body>
</html>
