1901 3259
343 242 925 287 EPIGRAMMATUM
961 242 1087 284 LIB.
1127 241 1241 282 XII.

1439 237 1499 281 85

158 328 275 372 Scire
305 341 404 368 suos
434 323 542 367 fines
569 334 767 367 matrona
795 334 838 367 et
863 323 1022 367 femina
1056 321 1211 365 debet:

228 395 346 440 Cede
377 410 498 439 suam
528 396 695 455 pueris3
722 404 844 438 utere
874 403 996 455 parte
1029 402 1113 436 tua.

147 514 159 533 1
173 512 202 533 1.
224 501 310 533 Scire
331 513 401 532 suos
413 498 497 543 fines
519 507 661 531 matrona
678 501 765 542 etse-

882 510 894 530 1
905 511 935 530 2.
952 497 1036 530 Cede
1048 510 1146 529 suam.
1161 496 1218 529 Sic
1233 493 1367 539 legend.
1386 494 1503 527 exhib-

93 556 175 586 mina
194 553 292 586 debet.
318 552 413 586 Scire
436 551 542 585 debet
561 552 651 585 intra
678 564 765 597 quos
826 550 905 585 cod.
926 551 1001 583 MS.
1023 552 1058 583 in
1090 562 1195 594 marg.
1219 547 1274 581 ed.
1298 548 1374 580 Par.
1398 550 1501 590 1617.

90 608 177 639 fines
196 606 440 639 contineantur
462 617 521 638 sua
543 605 678 645 officia3
701 618 764 638 nec

91 672 150 692 eos
167 657 390 704 praetergredi
412 658 503 691 licet.
519 658 583 691 En.

827 605 893 638 Sua
921 602 999 636 edd.
1024 612 1106 636 vett.
1131 611 1165 636 et
1192 601 1316 647 Delph.
1339 622 1389 626 —-
1414 600 1506 632 Utere

825 665 916 703 parte
936 665 1000 689 tua.
1023 658 1098 697 Qua
1120 656 1250 689 semina
1274 667 1320 688 es.

653 776 946 833 XCVIII.

624 915 680 942 IN
721 914 957 943 BASSUM.

963 894 979 910 η.

300 1009 441 1050 Uxoa
467 1021 601 1065 quum
629 1005 702 1047 tibi
730 1006 784 1048 sit
806 1003 949 1064 puella
965 1039 974 1054 ‚
998 1002 1169 1063 qualem

305 1077 430 1120 Votis
460 1076 529 1118 vix
561 1084 680 1135 petat
706 1074 918 1134 improbis
945 1075 1151 1129 maritus,

303 1147 460 1201 Dives,
486 1145 662 1200 nobilis,
688 1144 879 1201 erudita,
906 1154 1052 1197 casta3

306 1218 514 1277 Rumpis,
535 1218 664 1260 Basse
680 1251 691 1272 ‚
717 1215 828 1259 latus
843 1251 854 1270 ‚
876 1215 951 1259 sed
976 1216 1019 1257 in
1046 1216 1251 1267 comatis,

305 1288 465 1331 Uxoris
492 1287 571 1331 tibi
598 1287 699 1330 dote
725 1303 833 1347 quos
856 1287 1018 1347 parasti
1042 1303 1049 1328 :

306 1361 362 1402 Et
393 1360 452 1402 sic
484 1358 538 1401 ad
567 1357 788 1402 dominam
821 1373 997 1401 reversa
1027 1356 1204 1417 languet

304 1429 456 1473 Multis
483 1428 675 1473 mentula
701 1427 890 1472 millibus
918 1427 1166 1488 redempta3

305 1500 391 1544 Sed
420 1517 500 1544 nec
532 1500 712 1543 vocibus
744 1500 927 1543 excitata
954 1498 1151 1548 blandis5

306 1570 431 1615 Molli
459 1569 613 1632 pollice
640 1587 719 1614 nec
749 1580 900 1631 rogata
927 1571 1077 1631 surgit.

305 1643 368 1685 Sit
396 1641 571 1686 tandem
604 1642 764 1702 pudor,
791 1651 867 1685 aut
895 1657 1044 1684 eamus
1075 1640 1221 1700 injus.

308 1713 410 1755 Non
436 1722 500 1756 est
529 1713 621 1756 haec
652 1722 748 1766 tua,
769 1715 896 1756 Basse
920 1729 931 1754 ;
957 1710 1197 1755 vendidisti.

153 1823 272 1857 *Bassi
295 1836 382 1857 uxor
403 1824 439 1856 in
468 1835 548 1856 eum
579 1823 769 1855 invehitur.

103 1895 117 1906 «ι
125 1878 194 1918 Te,
210 1877 347 1922 inquit,
366 1888 557 1922 pauperem
571 1888 633 1921 ego
649 1875 776 1920 grandi

100 1929 181 1963 dote
202 1938 236 1963 et
264 1929 439 1975 praeclaris
468 1929 612 1974 insuper
634 1928 775 1962 dotibus

99 1982 179 2015 emi.
197 1983 276 2015 Non
298 1996 373 2015 sum
390 1995 473 2028 ergo
493 1991 568 2021 tua,
589 1982 646 2015 cui
663 1982 775 2027 possis

100 2034 247 2069 illudere
262 2061 271 2076 ,
293 2034 511 2069 detrahendo
534 2048 646 2068 meam
670 2047 773 2081 pecu-

99 2088 192 2121 niam
212 2088 249 2121 in
272 2097 391 2134 turpes
411 2097 445 2122 et
466 2087 598 2121 infidos
619 2101 772 2129 amores;

100 2141 161 2174 sed
184 2150 221 2175 tu
242 2154 277 2174 es
297 2154 415 2183 meus,
435 2142 495 2187 qui
523 2150 556 2175 te
575 2141 662 2175 mihi
689 2154 775 2174 ven·

102 2193 244 2228 dideris.
265 2211 277 2222 »
294 2195 360 2229 ΕΙ).

157 2260 188 2280 2.
203 2265 215 2277 ιι
225 2247 376 2293 [mprobis
387 2248 512 2281 melius
522 2247 625 2292 legas.
635 2266 648 2276 υ
664 2248 772 2291 Mat-g.

100 2300 148 2332 ed.
169 2300 249 2332 Par.
276 2304 386 2346 1617.
407 2301 568 2346 Improbus
589 2299 669 2334 edd.
691 2309 774 2334 vett.

100 2374 152 2379 -
172 2353 333 2398 [mprobis.
353 2354 500 2388 Maritus
519 2354 579 2400 qui
598 2354 668 2387 suis
686 2354 778 2387 votis

100 2418 171 2438 non
189 2415 296 2451 ponat
315 2407 603 2453 modum‚gallice
617 2410 775 2451 (frigeant.

155 2463 186 2498 ά.
209 2459 336 2505 Rumpis
355 2460 449 2494 latus.
464 2461 625 2494 Venereo
644 2459 777 2494 scilicet

102 2523 219 2556 opere.
235 2533 287 2539 —
305 2512 457 2547 Comatis.
473 2513 612 2555 Pueris,
629 2513 775 2546 amasiis.

102 2564 179 2597 Lib.
213 2565 276 2606 ΙΙ,
310 2566 417 2610 epigr.
449 2579 530 2608 LVI,
561 2575 594 2600 et
621 2567 681 2599 lib.
705 2567 777 2606 ΙΙΙ,

102 2617 209 2662 epigr.
226 2630 315 2651 Lvnl
329 2643 339 2659 ‚
363 2619 421 2652 31.

155 2671 187 2703 8.
207 2671 346 2704 Vocibus
362 2671 497 2705 blandis.
524 2690 535 2701 ιι
554 2672 725 2706 Gannitus
745 2681 776 2705 et

834 1823 989 1855 subantis
1005 1822 1145 1856 voculas
1162 1838 1175 1850 »
1195 1820 1373 1865 intelligit,
1394 1819 1516 1865 quales

834 1876 917 1920 ψυχὴ
930 1876 983 1908 καὶ
998 1875 1060 1913 ζωὴ
1071 1901 1080 1915 .,
1096 1876 1167 1919 μέλι
1181 1887 1255 1919 μου,
1273 1882 1336 1906 etc.
1351 1871 1434 1905 Vid.
1451 1884 1515 1904 nos

835 1927 877 1963 ad
898 1929 958 1961 lib.
979 1929 1029 1967 X,
1045 1928 1153 1973 epigr.
1175 1939 1275 1961 vau
1290 1953 1302 1967 2
1322 1926 1357 1960 5.

891 1994 923 2025 9.
938 1982 1043 2014 Molli.
1060 1978 1369 2021 Bland0,ut0vid.
1389 1980 1511 2011 Ainor.

836 2035 897 2068 lib.
925 2035 998 2074 ΙΙΙ,
1024 2034 1108 2079 eleg.
1136 2046 1186 2066 vu
1206 2058 1214 2073 ‚
1241 2037 1299 2078 74.
1328 2051 1341 2062 «ι
1358 2032 1515 2065 Molliter

833 2087 975 2120 admota
997 2087 1198 2120 sollicitasse
1216 2099 1332 2120 manu.
1353 2103 1367 2114 »

894 2153 948 2173 10.
973 2140 1024 2173 Sit
1044 2141 1170 2173 tandem
1187 2140 1314 2185 pudor,
1340 2147 1405 2172 etc.
1433 2138 1516 2170 Haec

837 2202 917 2227 sunt
933 2193 1108 2227 derelictae
1127 2193 1287 2238 conjugis
1305 2192 1429 2233 verba,
1449 2203 1516 2236 qua

838 2246 1030 2280 divortium
1054 2245 1189 2280 infideli
1215 2255 1248 2279 et
1270 2244 1424 2279 invalido
1452 2244 1518 2276 mi-

835 2300 979 2333 nitatur.
1007 2299 1112 2342 Quod
1140 2299 1320 2333 Juvenalis
1350 2296 1518 2343 expressit

837 2362 899 2387 sat.
916 2354 989 2387 IX:
1010 2353 1187 2386 «Tabulas
1207 2364 1351 2398 quoque
1373 2358 1517 2395 ruperat

837 2404 974 2445 (uxor)
995 2414 1029 2439 et
1053 2407 1123 2452 jam
1145 2406 1303 2452 Signarat
1319 2431 1328 2446 ,
1361 2412 1433 2436 tota
1459 2402 1516 2435 vix

836 2460 904 2493 hoc
921 2472 983 2505 ego
1004 2468 1108 2492 nocte
1125 2458 1298 2492 redemi...
1312 2456 1408 2491 testis
1428 2455 1517 2488 mihi

839 2513 1008 2553 lectulus,
1029 2520 1094 2546 etc.
1116 2530 1128 2541 »
1150 2513 1218 2545 En.

896 2578 907 2598 1
920 2579 950 2599 1.
970 2565 1159 2598 l'endidisci.
1182 2563 1295 2598 Uxori
1315 2562 1415 2595 diviti
1430 2588 1438 2602 ,
1456 2574 1516 2593 no-

839 2619 931 2652 mine
952 2618 1043 2652 dotis
1065 2631 1169 2664 quam
1193 2616 1256 2650 tibi
1279 2614 1401 2648 attulit.
1426 2612 1517 2646 Vide

838 2684 943 2717 supra
964 2671 1132 2717 analysin.
1151 2671 1219 2703 En.

1213 2742 1242 2783 (ς
1255 2732 1269 2753 ³
