2044 3292
511 194 608 241 258

890 196 949 238 M.
976 196 1113 239 VAL.
1155 196 1545 239 MARTIALIS

1095 344 1342 401 CLXV.

1076 498 1347 527 CITHARA.

576 626 813 668 Par-,nomm
842 621 1089 681 Eurydicen
1122 623 1210 665 vati
1238 640 1245 664 .-

1278 621 1351 665 scd
1380 621 1563 683 perdidit
1595 623 1709 682 ipsc„

646 695 763 737 Dum
799 692 876 735 sibi
904 709 991 736 non
1024 692 1188 748 credit,
1215 708 1294 737 nec
1320 693 1535 753 patienter
1558 702 1684 735 amat.

574 829 727 893 Τἀνδρὶ
747 834 816 893 μὲν
838 828 1063 893 Εὐρυδίκην
1088 828 1310 876 ἀπέδωκεν·
1335 833 1515 876 ἀπώλεσε
1538 827 1576 874 δ’
1598 833 1717 881 αὐτὸς

645 908 769 960 Αὐτῷ
789 905 1018 957 ἀπιςῆσας,
1041 905 1242 963 ἐκμανέως
1263 904 1300 946 τ’
1321 904 1456 963 ἐρόων.

558 1054 570 1075 1
582 1068 589 1076 .
602 1040 754 1074 Reddidit
764 1039 958 1087 Eurydicen.
977 1039 1046 1073 Pro
1065 1039 1183 1085 priore

500 1095 607 1128 verbo
618 1094 778 1128 Gronov.
790 1093 873 1139 legit
875 1092 1182 1138 podiwin—Vati.

500 1148 647 1194 Orpheo
669 1158 818 1192 nempe,
831 1146 891 1192 qui
908 1145 1040 1180 cithara
1057 1144 1183 1179 ludens

501 1208 707 1234 exoraverat
731 1201 939 1240 Plutonem,
962 1206 996 1232 et
1023 1197 1182 1244 Eurydi-

499 1266 563 1287 cen
584 1266 682 1288 suam
703 1265 846 1287 uxorem
867 1252 909 1285 ab
930 1251 1054 1285 inferis
1071 1249 1180 1285 redu-

500 1307 622 1347 cebat,
650 1305 710 1340 sed
740 1319 778 1339 ea
802 1307 901 1350 lege,
925 1316 970 1337 ne
999 1304 1093 1337 illam
1126 1316 1180 1337 re-

499 1360 647 1406 spiceret
666 1359 732 1393 nisi
753 1370 862 1403 quum
882 1357 918 1390 in
941 1365 1076 1402 apertas
1093 1357 1182 1390 lucis

1243 1051 1343 1072 auras
1355 1038 1527 1072 evasisset.
1548 1037 1722 1071 Caeterum
1741 1038 1854 1072 fabula
1868 1040 1919 1072 vcl

1242 1092 1360 1137 pueris
1375 1091 1555 1125 notissima
1568 1103 1586 1124 e
1607 1091 1759 1136 Virgilio
1778 1100 1839 1125 est.

1300 1158 1331 1177 2.
1350 1144 1418 1177 Nec
1427 1146 1594 1189 patienter.
1612 1145 1703 1177 Dum
1719 1144 1811 1177 enim
1826 1144 1919 1178 illam

1242 1197 1381 1242 perdite
1393 1206 1483 1230 amat
1492 1222 1501 1237 ,
1514 1209 1558 1230 ne
1572 1196 1737 1230 deficeret
1751 1205 1920 1238 metuens,

1243 1249 1436 1295 avidusque
1458 1248 1620 1285 videndi,
1641 1267 1654 1279 «
1670 1250 1781 1283 Flexit
1801 1262 1920 1283 amans

1243 1303 1362 1336 oculos
1383 1316 1395 1335 .·
1426 1311 1459 1335 et
1498 1303 1665 1348 protinus
1701 1303 1758 1335 illa
1788 1303 1918 1348 relapsa

1247 1365 1306 1390 est.
1332 1374 1343 1386 a
1374 1354 1543 1395 Ovidius,
1572 1356 1656 1389 Met.
1677 1355 1727 1391 X,
1756 1355 1813 1400 57.

1065 1489 1350 1547 CLXVL

1131 1645 1280 1673 IDEM.

570 1758 643 1799 DE
672 1753 940 1814 Pompeiano
970 1768 1082 1812 saepc
1109 1760 1174 1795 est
1198 1751 1333 1811 ejecta
1362 1751 1555 1804 theatro,

596 1852 607 1861 -
641 1825 751 1882 Quae
779 1823 904 1867 duxit
930 1821 1082 1877 silvas,
1107 1820 1527 1882 detinuitque'fcras.

572 1969 776 2018 Πολλάκις
798 1963 970 2014 {agmon
995 1972 1068 2009 τοῦ
1088 1966 1313 2018 Πομπείοιο
1335 1965 1502 2025 θεάτρου

643 2030 677 2082 Pl
706 2039 898 2099 ἀγαγοῦσ’
926 2035 1053 2090 ἄλση,
1079 2036 1199 2095 θῆρας
1226 2032 1486 2094 ἐφελξαμένη.

559 2192 585 2212 1.
617 2178 730 2210 Electa
752 2170 831 2208 Ald.
860 2174 959 2206 Junt.
987 2171 1102 2205 Colin.
1125 2192 1177 2197 —-

502 2235 626 2277 Electa.
646 2230 733 2271 Quae
750 2227 856 2260 lectio
873 2225 999 2258 melior
1016 2222 1174 2259 videtur:

500 2298 579 2319 nam
609 2280 792 2316 citharoedi
819 2277 971 2313 subinde
1001 2275 1175 2322 lapidibus

501 2337 783 2383 excipiebantur,
805 2333 833 2366 si
852 2344 923 2364 non
951 2330 1174 2376 placuissent.

503 2393 612 2424 Porro
639 2389 673 2421 in
696 2387 832 2420 theatro
858 2383 1016 2429 Pompeii
1039 2382 1175 2416 exhibi-

505 2454 556 2477 tus
586 2451 636 2475 cst
664 2440 848 2485 Orpheus,
877 2437 937 2482 qui
963 2436 1094 2469 cithara
1122 2435 1174 2467 lu-

501 2498 586 2530 dens
607 2496 694 2528 feras
714 2501 748 2526 et
775 2491 876 2525 silvas
896 2489 1065 2523 trahebat.
1081 2486 1175 2521 Vide

500 2550 560 2583 lib.
577 2548 632 2582 δι’.
656 2546 763 2592 epigr.
784 2543 1008 2577 xx1.-N0n
1027 2540 1068 2574 ad
1089 2539 1173 2574 illud

498 2614 583 2636 tunc
602 2599 792 2646 respexisse
816 2596 1031 2635 Martialem,
1051 2593 1110 2627 scd
1131 2592 1172 2626 ad

1238 2179 1394 2204 veterem
1424 2171 1518 2204 illam
1557 2172 1738 2206 historiam
1770 2176 1886 2220 potius
1904 2203 1913 2219 ‚

1237 2236 1304 2269 qua
1323 2233 1512 2257 narramur
1534 2242 1546 2253 ‹-
1565 2225 1725 2259 Tliressae
1742 2228 1806 2260 sub
1822 2229 1914 2262 Rho-

1237 2276 1346 2321 dopes
1366 2277 1454 2321 jugis
1474 2274 1615 2316 (Senec.
1640 2280 1744 2324 Trag.
1767 2280 1911 2315 Hercul.

1236 2329 1388 2362 OEtaeus.
1410 2330 1486 2363 Act.
1510 2330 1580 2372 III,
1602 2331 1637 2364 in
1657 2331 1820 2374 Choro),
1839 2335 1912 2367 Vo-

1236 2383 1342 2415 calem
1361 2390 1491 2415 temere
1511 2383 1675 2418 insecutae
1689 2384 1830 2431 Orphea
1854 2387 1912 2420 sil-

1235 2447 1303 2475 vae,
1326 2438 1410 2468 Arte
1432 2444 1587 2469 materna
1611 2436 1751 2482 rapidos
1773 2446 1912 2472 moran-

1235 2495 1303 2520 tem
1328 2487 1527 2521 Fluminum
1548 2489 1680 2534 lapsus.
1696 2516 1702 2522 .
1716 2517 1723 2523 .
1740 2491 1910 2525 Blandum

1235 2549 1267 2574 et
1299 2540 1424 2574 auritas
1455 2541 1583 2575 fidibus
1613 2543 1748 2576 canoris
1774 2545 1910 2578 Ducere

1234 2605 1391 2638 quercus.
1404 2612 1416 2623 n
1432 2591 1535 2627 (Hor.
1552 2595 1612 2627 lib.
1629 2596 1662 2635 Ι,
1675 2591 1842 2635 odam.)
