1901 3259
345 225 931 268 EPIGRAMMATUM
970 224 1092 267 LIB.
1134 225 1274 267 XIV.

1391 240 1414 268 2
1425 240 1453 269 o
1463 223 1486 269 :3

654 374 918 429 LXXII.

635 530 921 558 BOTULUS.

143 656 238 712 QUI
268 657 385 699 venit
412 655 587 699 botulus
618 654 761 698 medio
790 654 866 697 tibi
893 663 1090 714 tempore
1120 654 1311 706 brumae,

210 727 384 769 Saturni
410 736 574 787 septem
598 734 777 769 venerat
801 734 901 768 ante
925 724 1028 768 dies.

130 858 142 878 1
155 871 161 877 .
174 847 320 880 Botulus.
337 847 483 880 Botulus
499 858 557 879 seu
574 846 746 887 botellus,

70 899 233 932 botulum
261 912 321 933 seu
351 899 543 941 botellum,
567 911 674 944 genus
697 908 748 933 est

71 951 260 986 farciminis
283 952 326 986 de
349 965 418 998 quo
437 955 508 997 jam
529 953 661 997 egimus
683 952 745 986 lib.

71 1005 118 1046 V,
137 1004 246 1050 epigr.
267 1017 419 1039 Lxxvnr.
443 1007 495 1038 De
514 1005 581 1038 hoc
601 1004 746 1050 Apicius

69 1057 119 1091 sic
139 1058 310 1103 loquitur,
326 1058 386 1091 lib.
406 1059 459 1099 II,
482 1070 559 1103 cap.
582 1057 616 1098 5,
635 1057 680 1090 de
696 1059 746 1091 Re

70 1109 251 1144 Culinaria
266 1123 274 1144 :
289 1129 303 1141 «
321 1112 498 1144 Botellum
510 1138 519 1154 ,
536 1110 672 1156 inquit,
697 1111 746 1144 sic

68 1163 171 1197 facies
186 1177 226 1197 ex
246 1165 304 1197 ovi
320 1165 445 1198 vitellis
465 1165 592 1204 coctis,
613 1164 745 1198 nucleis

69 1216 183 1262 pineis
211 1218 378 1256 concisis,
405 1218 535 1263 quibus
562 1229 683 1263 cepam
711 1227 746 1251 et

67 1282 215 1315 porrum
246 1271 447 1313 concisum,
477 1271 631 1316 thusque
665 1283 745 1303 cru-

68 1321 153 1355 dum
165 1322 369 1357 admiscebis
381 1337 460 1357 cum
472 1325 595 1370 pipere
606 1322 744 1357 modico

69 1384 172 1421 atque
192 1376 238 1410 ita
265 1377 470 1410 intestinum
498 1377 653 1422 denique
676 1377 745 1409 far-

68 1428 157 1471 cies,
177 1428 382 1475 adjectoque
399 1430 590 1476 liquamine
610 1438 644 1462 et
662 1430 744 1463 vino

67 1480 252 1528 decoques.
273 1500 287 1512 1>
299 1483 470 1516 —-Medi0
487 1492 577 1528 temp.
600 1483 718 1515 brumae
732 1497 743 1522 ;

66 1534 134 1568 hoc
170 1543 240 1577 est,
267 1535 381 1569 media
411 1536 551 1577 hieme3
577 1548 659 1569 nam
683 1535 743 1569 Sa-

67 1588 216 1621 turnalia
246 1589 511 1622 celebrabantur
532 1601 651 1623 mense
680 1589 746 1622 De-

66 1641 216 1683 cembri,
248 1654 317 1688 qua
344 1650 549 1688 tempestate
574 1642 656 1675 anni
682 1642 743 1675 fri-

67 1705 151 1738 gora
190 1694 352 1739 inprimis
403 1694 598 1729 desaeviunt
639 1702 743 1740 atque

64 1746 215 1779 brumali
233 1747 341 1792 glacie
358 1748 473 1794 rigent
492 1747 623 1781 omnia.
641 1747 742 1781 Man-

65 1799 166 1832 nius:
182 1817 196 1829 «ι
213 1800 333 1834 Nostri
353 1803 501 1846 majores
518 1802 609 1834 bene
628 1801 741 1834 Multa

65 1852 266 1894 instituere,
287 1854 335 1886 sic
358 1854 425 1887 hoc
441 1854 575 1899 optime
586 1879 595 1895 ‚
612 1854 741 1899 frigore

63 1904 190 1939 Fecere
223 1918 363 1940 summo
403 1906 478 1940 dies
512 1914 645 1952 septem
678 1908 740 1940 Sa-

63 1958 224 1992 turnalia.
244 1975 258 1988 u

118 2024 150 2045 2.
167 2010 302 2044 Saturni
334 2020 449 2057 septem
477 2020 618 2045 venerat.
653 2012 739 2045 Sen-

61 2075 118 2096 sus
130 2063 226 2098 illius
240 2064 379 2098 distichi
398 2072 470 2098 est:
484 2066 555 2107 Qui
572 2065 636 2099 tibi
660 2078 740 2111 apo-

62 2116 204 2161 phoreti
231 2118 309 2151 loco
335 2118 477 2152 botulus
500 2119 653 2152 mittitur
676 2120 738 2152 Sa-

59 2170 254 2204 turnalium
265 2179 425 2216 tempore
433 2196 442 2213 ,
454 2181 534 2205 ante
544 2172 738 2205 Saturnalia

59 2221 118 2255 hic
130 2222 173 2256 ad
187 2236 243 2257 me
261 2224 386 2258 missus
401 2233 484 2259 erat.
498 2246 551 2253 —
563 2226 643 2259 Isne
657 2237 736 2258 sen-

60 2288 118 2308 sus
134 2277 307 2321 genuinus
317 2277 332 2310 Ξ)
342 2279 444 2311 Anne
457 2278 561 2312 etiam
578 2291 642 2324 per
655 2278 737 2311 anni

58 2328 238 2374 reliquum
246 2338 383 2376 tempus
391 2330 484 2364 dona
490 2331 739 2365 mittebantur?

59 2389 93 2413 et
121 2381 208 2416 illud
234 2383 370 2417 etiamsi
399 2383 618 2426 admitteres,
641 2383 737 2430 quod

59 2445 140 2467 sane
172 2447 244 2467 non
277 2436 517 2479 falsissimum,
541 2451 630 2471 anne
660 2450 737 2483 quae

59 2484 155 2519 dono
173 2489 326 2533 accepit,
343 2489 402 2522 illa
423 2489 482 2523 dat
501 2490 652 2524 Noster?
671 2491 737 2524 Su-

58 2539 177 2583 spicor
205 2540 322 2585 potius
346 2540 520 2587 duplicem
542 2556 678 2577 sensum
703 2552 736 2577 et

802 847 919 889 jocum
931 844 966 876 in
978 845 1142 889 ambiguo
1151 845 1259 878 verbo
1273 845 1410 888 venire,
1423 848 1485 892 qui

804 906 838 930 et
860 898 1004 931 advenire
1030 907 1064 931 et
1084 898 1271 930 venumdari
1301 899 1481 943 significat.

804 952 916 984 Datur
934 951 1076 984 botulus
1093 950 1328 984 Saturnalium
1347 960 1482 998 tempo-

803 1016 841 1036 re
856 1017 864 1045 ;
880 1012 959 1037 ante
978 1003 1213 1036 Saturnalium
1229 1004 1480 1038 venumdatur.

804 1057 870 1089 En.
905 1080 957 1083 -—
983 1056 1117 1101 Septem.
1147 1056 1318 1103 Quinque
1344 1067 1481 1091 tantum

804 1119 902 1143 erant
915 1109 1060 1155 legitimi
1073 1108 1148 1142 dies
1164 1109 1303 1142 Saturni
1318 1119 1376 1151 ‚ut
1393 1110 1483 1145 dixi-

803 1163 951 1196 muslib.
967 1163 1032 1204 IV,
1045 1175 1100 1208 ep.
1114 1175 1257 1203 Lxxnx‚
1271 1164 1400 1208 quibus
1411 1163 1482 1197 duo

802 1216 930 1249 laetitiae
962 1228 1034 1249 non
1073 1216 1152 1249 festi
1187 1215 1482 1262 adjungebantur.

802 1269 1019 1310 Macrobius,
1039 1269 1099 1302 lib.
1119 1270 1157 1310 I,
1173 1281 1247 1315 cap.
1271 1282 1305 1302 11
1323 1281 1331 1302 :
1355 1270 1481 1316 «Apud

803 1322 948 1356 Veteres
965 1322 1089 1368 opinio
1107 1322 1191 1362 fuit,
1209 1330 1341 1368 septem
1360 1322 1483 1357 diebus

803 1376 921 1421 peragi
933 1375 1142 1409 Saturnalia.
1151 1375 1275 1408 u—Et
1288 1374 1324 1408 id
1335 1376 1480 1421 quidem

802 1428 837 1461 in
854 1427 961 1462 modo
985 1428 1139 1473 allegatis
1164 1428 1300 1461 Mannii
1323 1429 1480 1464 iambicis

801 1480 924 1515 videre
948 1490 998 1515 est
1026 1494 1176 1528 quorum
1202 1481 1348 1515 ultimus
1365 1494 1372 1515 ;
1388 1500 1400 1512 κ
1416 1483 1480 1516 Fe—

802 1547 890 1568 cere.
904 1561 929 1568 ..
946 1534 1021 1567 dies
1037 1542 1171 1580 septem
1193 1534 1400 1569 Saturnalia.
1411 1553 1481 1565 »—

802 1589 847 1621 At
864 1588 1037 1621 incertum
1054 1586 1190 1633 aliquid
1207 1587 1244 1620 in
1258 1596 1340 1621 nota
1353 1588 1417 1622 hac
1431 1589 1480 1622 le-

801 1650 941 1686 gentem
956 1641 1097 1682 turhat3
1119 1648 1152 1673 et
1169 1648 1287 1673 tamen
1303 1640 1407 1686 digna
1426 1655 1480 1675 res

802 1703 851 1728 est
866 1720 874 1736 ,
896 1706 972 1739 quae
993 1693 1161 1727 attentius
1187 1693 1426 1739 perpendatur
1447 1704 1480 1729 et

801 1747 931 1780 certius
961 1754 1144 1780 statuatur.
1171 1747 1290 1779 Primo
1325 1747 1480 1793 antiqui-

801 1807 857 1834 tus
867 1808 1005 1834 certum
1018 1807 1069 1833 est
1082 1812 1192 1832 unum
1204 1798 1373 1833 duntaxat
1385 1800 1477 1834 diem

800 1852 1044 1885 Saturnalibus
1069 1851 1192 1885 datum
1226 1852 1352 1894 fuisse3
1381 1866 1479 1896 mox,

799 1906 968 1950 gliscente
992 1905 1129 1938 luxuria
1151 1913 1185 1939 et
1207 1904 1351 1939 desidiae
1377 1915 1411 1939 et
1438 1907 1478 1940 li-

799 1959 921 1992 centiae
951 1966 986 1992 et
1016 1956 1183 1991 ludorum
1219 1971 1337 1992 amore
1349 1985 1357 2001 ‚
1390 1958 1479 1994 duos

797 2024 951 2045 annexos
970 2011 1093 2052 fuisse,
1113 2009 1175 2044 sed
1196 2024 1255 2045 eos
1273 2024 1346 2045 non
1364 2012 1477 2058 legiti-

798 2077 884 2098 mos.
902 2066 988 2098 Tres
1009 2072 1107 2097 erant
1124 2077 1233 2109 quum
1254 2065 1368 2098 Caesar
1389 2065 1477 2100 duos

798 2117 947 2162 adjecit3
962 2119 1139 2162 Augustus
1158 2126 1236 2163 post
1256 2118 1399 2163 triginta
1417 2132 1476 2152 an-

797 2183 860 2204 nos
879 2171 1027 2204 sancivit
1053 2170 1162 2216 patris
1185 2171 1353 2216 placitum
1375 2181 1408 2205 et
1430 2173 1480 2206 vi-

797 2223 901 2257 detur
933 2236 1042 2257 unum
1082 2231 1247 2269 praeterea
1275 2223 1450 2260 addidisse
1467 2240 1476 2266 ;

799 2277 968 2323 quintum
986 2275 1131 2310 tandem
1154 2278 1244 2323 Imp.
1267 2277 1370 2311 Caius
1389 2278 1478 2312 Cali-

797 2331 877 2376 gula
900 2329 1084 2371 condidit,
1106 2329 1274 2364 Claudius
1301 2330 1452 2364 firmavit
1471 2358 1478 2374 ,

797 2395 912 2429 neque
938 2391 1018 2429 post
1043 2396 1123 2416 eum
1149 2383 1275 2428 reliqui
1298 2384 1474 2430 principes

796 2437 966 2470 celebrari
979 2445 1134 2470 vetuere.
1152 2437 1199 2469 Hi
1217 2444 1334 2469 autem
1353 2449 1475 2470 omnes

796 2490 885 2536 quia
897 2490 1119 2535 principibus
1132 2489 1219 2535 jussi
1235 2489 1382 2533 legitimi
1397 2502 1476 2522 cen-

795 2543 971 2577 sebantur.
992 2543 1061 2575 En.
