2044 3292
510 231 605 281 204
882 230 942 271 Μ.
973 230 1110 272 VAL.
1151 231 1543 274 MARTIALIS

1114 382 1315 438 LXX.

1097 537 1326 567 ponens

576 662 679 704 lsTE
706 660 781 704 tibi
808 660 938 705 faciet
959 661 1074 704 bona
1098 659 1346 704 Saturnalia
1367 676 1528 721 porcus
1544 697 1555 714 ,

649 732 767 774 Inter
796 741 1048 792 spumantes
1080 730 1179 775 ilice
1210 740 1359 792 pastus
1392 747 1534 792 apros.

578 871 644 913 Σοὶ
673 873 866 932 τρυφερὴν
898 874 1050 915 τελέσει
1080 872 1258 932 Κρονίων
1287 867 1357 915 ὅδε
1385 876 1517 932 χοῖρος
1543 874 1684 931 ἑορτὴν

647 933 795 999 Ᾱκύλῳ
819 944 858 985 ἐν
885 943 1036 994 σιάλοις
1061 944 1252 1004 ἀφριόωσι
1279 943 1454 1003 τραφείς.

564 1091 594 1112 1.
624 1080 719 1113 Bona
744 1079 932 1115 Saturnalia
957 1095 1083 1127 porcus.
1118 1081 1185 1116 Hic
1244 1081 1401 1115 tionibus
1429 1081 1581 1127 Epicteti
1602 1093 1611 1114 :
1636 1098 1650 1110 ι
1666 1082 1740 1119 Τοῖς
1762 1082 1825 1126 γὰρ
1846 1094 1925 1114 παι-

507 1132 590 1166 facit
619 1133 683 1166 tibi
710 1132 947 1168 Saturnalium
973 1133 1050 1169 dies
1071 1135 1185 1169 bonos
1243 1132 1338 1176 δέοις,
1370 1135 1448 1168 ὅταν
1484 1135 1702 1180 προσελθόντα
1739 1137 1838 1179 κρατῇ
1871 1133 1925 1166 καὶ

508 1195 543 1220 et
554 1187 677 1220 lautos.
693 1186 786 1220 Bona
797 1196 911 1222 autem
920 1189 1082 1223 consulto
1095 1187 1185 1222 dixit
1241 1189 1336 1233 λέγῃ,
1369 1188 1510 1234 Σήμερον
1546 1187 1766 1233 Σατουρνοίλια
1791 1185 1900 1232 ἀγαθὰ
1914 1211 1922 1220 ,

506 1239 613 1273 Poeta
632 1238 727 1285 quod
745 1250 832 1275 esset
845 1242 1009 1275 solemnis
1022 1242 1184 1276 acclama·
1242 1243 1390 1286 λε’γεμεν,
1424 1242 1493 1275 Οὔκ
1530 1242 1615 1274 ἐστιν
1650 1238 1756 1285 ἀγαθὰ
1792 1243 1924 1279 ταῦτας

508 1293 558 1326 tio
580 1293 615 1326 in
636 1293 896 1336 Saturnalibus,
917 1295 954 1329 Io
974 1294 1180 1335 Saturnalia,
1245 1292 1397 1339 οὐδαμῶς
1414 1322 1422 1336 ,
1446 1293 1526 1328 eiu&
1549 1294 1603 1327 καὶ
1627 1293 1719 1327 αὐτοὶ
1741 1295 1925 1338 ἐπικροτοῦ-

509 1346 589 1378 bonu
603 1346 790 1380 Saturnalia
801 1375 811 1388 ‚
834 1348 896 1381 lib.
916 1349 951 1381 II
967 1374 976 1389 ‚
996 1349 1104 1394 epigr.
1133 1360 1163 1381 11
1174 1373 1184 1387 ‚
1245 1361 1314 1393 μεν.
1326 1347 1468 1381 »Pueris
1480 1373 1489 1389 ‚
1508 1359 1618 1392 quum
1633 1346 1843 1393 propinquis
1855 1347 1925 1392 jam

511 1412 559 1432 vs.
581 1401 614 1433 5.
646 1399 739 1433 Hinc
769 1413 914 1447 quoque
942 1402 978 1435 in
1003 1400 1185 1435 Hendeca-
1245 1400 1481 1434 Saturnalium
1497 1399 1621 1433 diebus
1637 1398 1824 1446 plaudunt,
1839 1407 1873 1433 et
1886 1400 1926 1432 10

507 1453 649 1498 syllabis
668 1453 743 1488 Cat.
765 1455 882 1488 Carni.
898 1455 997 1493 XIV,
1025 1456 1067 1489 15
1085 1469 1091 1487 :
1107 1454 1184 1488 “Sa-
1246 1454 1337 1488 bona
1362 1453 1557 1487 Saturnalia
1578 1454 1750 1494 clamant,
1769 1465 1832 1486 nos
1853 1451 1926 1486 haec

507 1506 721 1548 turnalibus,
735 1508 870 1552 optimo
884 1507 1062 1542 dierumu.
1078 1507 1186 1550 Quod
1245 1507 1338 1540 bona
1354 1506 1617 1553 vituperamus?
1630 1507 1739 1539 immo
1755 1505 1859 1538 etiam
1876 1517 1927 1538 ac·

508 1567 542 1591 et
567 1559 734 1592 Arrianus
766 1569 911 1594 testatur
952 1561 987 1594 in
1024 1560 1185 1595 disserta·
1245 1561 1446 1594 clamamus,
1469 1581 1520 1587 —-
1542 1560 1632 1593 Fecit
1653 1558 1730 1592 cod.
1750 1559 1883 1591 Reverl.

1098 1695 1340 1751 .L)()§l.

850 1853 1210 1882 Mosen-,mn
1252 1833 1585 1880 BUBL‘LUMf

576 1980 784 2022 SonmnA
812 1980 846 2023 si
865 1979 981 2022 flavo
1004 1978 1136 2022 fuerit
1157 1978 1235 2021 tibi
1259 1977 1440 2039 pulvere
1463 1978 1592 2021 vestis
1609 2013 1620 2026 ,

647 2048 833 2110 Colligat
856 2049 973 2093 hunc
993 2050 1113 2093 tenui
1136 2049 1318 2092 verbere
1340 2047 1479 2092 cauda
1500 2046 1619 2091 levis.

579 2190 786 2239 Αὐςαλέος
813 2191 930 2237 λιτὴν
958 2189 990 2231 εί
1015 2195 1132 2248 χνοῦς
1159 2189 1308 2237 ἐσθῆτα
1337 2187 1540 2248 ρυπαίνοι,

649 2260 800 2320 Κέρκος
832 2258 1042 2317 ἀποψήσω
1067 2254 1186 2302 τόνδε
1218 2255 1493 2318 τιναξάμενος.

559 2396 571 2410 '
589 2400 772 2434 Muscarum
789 2400 818 2434 b.
836 2399 912 2434 MS.
932 2399 1183 2434 BeverLuCau-
1244 2408 1334 2433 mate
1355 2412 1453 2432 vau
1467 2425 1476 2439 ‚
1497 2398 1540 2431 ad
1564 2410 1697 2432 muscas
1723 2396 1923 2443 abigendas.

509 2455 550 2486 ela
581 2454 626 2487 ad
657 2454 824 2499 tergendas
858 2462 980 2492 vestes,
1012 2452 1134 2486 Aldus.
1165 2471 1177 2482 »
1301 2467 1333 2486 2.
1347 2454 1442 2486 Nunc
1453 2453 1536 2485 Bev.
1546 2451 1786 2486 confirmatur
1795 2449 1926 2483 centies

507 2507 619 2554 Marg.
653 2506 708 2541 ed.
743 2508 819 2541 Par.
854 2510 960 2552 1617.
987 2528 1038 2532 —
1063 2506 1182 2541 cauda
1244 2515 1359 2540 nostra
1381 2505 1554 2540 sententia
1572 2504 1617 2538 de
1638 2505 1704 2538 hoc
1725 2503 1797 2537 MS.
1822 2503 1926 2536 toties

507 2561 606 2594 bovis
626 2560 670 2594 ad
697 2559 879 2606 tergendas
904 2569 938 2594 et
957 2559 1181 2594 excutienda>
1244 2560 1405 2604 repetita.
1426 2560 1519 2591 Bam
1538 2572 1601 2604 pro
1623 2559 1697 2590 lea-is
1714 2557 1798 2591 alios
1812 2557 1926 2600 legere

509 2623 635 2652 vestem
651 2615 699 2648 uti
718 2614 879 2659 pavonis.
895 2613 998 2647 modu
1016 2613 1183 2658 epigram·
1246 2621 1341 2645 notat
1372 2613 1569 2645 Farnabius
