2044 3292
430 248 457 292 8
800 245 863 287 M.
887 245 1029 287 VAL.
1070 244 1461 287 MARTIALIS

569 334 715 377 Nerva
736 350 744 375 :
764 331 864 376 licet
891 342 984 377 toto
1010 349 1127 376 nunc
1154 331 1362 376 Helicone
1388 331 1485 375 frui.

497 407 635 448 Recta
657 403 782 447 Fides
797 438 808 459 ‚
832 402 980 447 hilaris
1006 401 1273 458 Clementia,
1299 412 1427 447 cauta
1449 403 1645 445 Potestas

565 476 661 518 Jam
687 473 872 518 redeunt
893 491 902 516 ε
925 472 1043 534 longi
1069 482 1191 534 terga
1216 472 1374 516 dedere
1399 474 1558 516 Metus.

499 547 597 590 Hoc
619 543 794 607 populi,
819 554 1054 605 gentesque
1075 554 1160 587 tuae
1175 579 1186 599 ,
1209 544 1281 604 pia
1303 544 1465 598 Roma,
1489 550 1748 603 precantur3

572 617 676 660 Dux
699 615 776 660 tibi
799 616 854 658 sit
880 631 1051 675 semper
1072 613 1168 657 talis
1183 649 1195 670 ,
1221 623 1264 658 et
1284 614 1363 658 iste
1387 612 1472 657 diu.

501 687 648 730 Macte
671 686 829 739 animi,
849 702 977 746 quem
1006 700 1131 728 rarus
1152 684 1286 728 habet
1301 719 1312 740 ‚
1337 698 1598 743 morumque
1620 691 1794 726 tuorum
1812 716 1823 737 ‚

572 758 697 813 Quos
723 757 896 812 Numa,
920 771 1029 816 quos
1053 753 1203 799 hilaris
1233 764 1381 816 posset
1408 753 1571 797 habere
1597 753 1722 797 Cato.

503 828 674 888 Largiri
689 862 701 882 ‚
731 836 938 887 praestare
953 861 964 880 ‚
993 825 1149 870 breves
1173 825 1407 870 extendere
1434 839 1613 879 census,

574 899 632 941 Et
661 897 791 953 dare,
821 913 917 958 quae
943 896 1089 941 faciles
1123 897 1191 940 vix
1222 896 1412 940 tribuere
1441 896 1551 950 Dei,

505 969 637 1012 Nunc
661 967 786 1023 licet,
810 977 853 1011 et
875 967 939 1011 fas
965 976 1030 1011 est
1051 984 1059 1011 :
1084 967 1160 1012 sed
1184 977 1231 1011 tu
1259 967 1339 1011 sub
1366 966 1562 1028 principe
1590 964 1701 1009 duro
1719 998 1730 1018 ,

576 1038 950 1100 Temporibusque
975 1036 1099 1082 malis
1115 1074 1127 1094 ,
1153 1054 1283 1082 ausus
1310 1054 1354 1082 es
1380 1053 1471 1081 esse
1498 1036 1652 1079 bonus.

578 1175 747 1228 Δέξατ’·
777 1178 1014 1238 ἐπαύροιμεν
1043 1185 1109 1220 νῦν
1137 1168 1338 1228 Ἑλικῶνος
1366 1180 1481 1220 ὅλου.

511 1236 597 1296 ἤθη
626 1247 842 1302 ἄπλαστοι,
870 1249 1057 1308 φρόνημα
1078 1249 1298 1310 προσηνὲς,
1323 1248 1579 1308 ἀπρόσκοπος
1605 1247 1706 1306 ἀρχὴ

525 1378 541 1391 ,¹
581 1317 702 1370 Αὖθις
731 1321 890 1390 ἵκοντο·
920 1316 1043 1377 φόὲος
1071 1322 1147 1369 πᾶς
1171 1313 1326 1385 φυγάδε
1350 1321 1556 1379 τρέπεται.

513 1390 637 1440 Εθνος
663 1389 793 1441 ἅπαν,
825 1391 948 1449 Ρώμτ,
964 1425 975 1443 ,
1000 1391 1087 1433 τεὸν
1117 1391 1300 1449 εὔχεται,
1332 1389 1412 1432 αἰὲν
1436 1386 1608 1437 ἄνακτος

582 1462 778 1504 Τοιούτου
805 1477 848 1503 σε
873 1465 1028 1519 τυχεῖν,
1060 1467 1133 1504 τοῦ
1160 1455 1204 1503 δὲ
1231 1460 1510 1521 πολυχρονίου.

517 1517 690 1587 (maog,
716 1530 760 1582 ’ἧς
789 1537 935 1590 παῦροι
965 1533 1084 1591 τύχον
1111 1527 1231 1586 ἕξιος,
1260 1527 1396 1581 ὄλὲιος
1424 1530 1547 1583 ἠθῶν,

587 1598 667 1644 Οἷα
692 1602 835 1662 Νομᾶς
863 1598 909 1644 ἂν
936 1602 1036 1661 ἔχειν
1064 1602 1225 1653 ἤθελεν,
1259 1598 1325 1645 οἷοι
1348 1601 1515 1644 Κάτων.

522 1672 764 1732 Δωρεῖσθαι,
791 1673 985 1733 προέμεν,
1011 1668 1236 1722 πλουτίζειν
1263 1667 1392 1733 ἄνδρα
1418 1672 1595 1722 πένητα,

588 1742 676 1786 Καὶ
706 1737 850 1802 δόμεν,
879 1739 926 1785 οἷ’
957 1743 1071 1786 αὐτοὶ
1098 1745 1152 1802 μὴ
1180 1742 1415 1802 χαρίσαιντο
1443 1741 1545 1797 θεοί,

521 1815 609 1858 Νῦν
635 1812 691 1861 εἴη
724 1812 904 1872 θεμιτόν·
937 1815 984 1855 σὺ
1016 1808 1054 1855 δ’
1081 1813 1146 1856 ἐπὶ
1174 1818 1349 1874 σκληροῦ
1376 1814 1590 1867 βασιλ-ἧος,

591 1877 808 1944 Ᾱργαλέων
833 1900 878 1926 τε
907 1885 1077 1943 χρόνων,
1103 1879 1218 1933 ζῆσαι
1244 1882 1459 1943 ἄμεμπτος
1482 1883 1613 1932 ἔτλης.

518 2055 552 2075 2.
577 2041 695 2074 Nerva.
721 2041 774 2073 De
798 2040 951 2085 Trajano
975 2040 1042 2073 hoc
1065 2040 1140 2086 epi·
1256 2052 1289 2084 7.
1309 2039 1431 2073 Macte.
1450 2035 1689 2071 Dividendum
1709 2035 1778 2070 hoc
1800 2035 1875 2081 epi-

465 2106 621 2140 gramma
638 2102 671 2127 et
690 2091 892 2139 praecedens
908 2092 1057 2138 intelligi
1077 2105 1140 2138 po·
1200 2104 1356 2138 gramma
1385 2091 1422 2124 in
1451 2089 1522 2124 duo
1544 2089 1588 2124 ad
1609 2090 1705 2123 hunc
1730 2101 1779 2122 vs.
1801 2088 1878 2121 vult

466 2156 531 2181 test
541 2143 664 2191 (immo
679 2145 798 2187 debet;
814 2147 1056 2191 namTrajano
1076 2146 1142 2178 im·
1202 2146 1280 2179 Jan.
1298 2146 1521 2189 Rutgers.-—
1533 2144 1640 2177 Macte
1659 2144 1765 2176 animi.
1787 2141 1878 2175 Sen-

466 2209 623 2245 perante,
633 2200 767 2233 Urbem
779 2199 907 2232 Noster
919 2195 1143 2244 reliquerat);
1203 2211 1260 2232 sus
1282 2206 1332 2232 est
1347 2209 1355 2231 :
1369 2198 1496 2230 Beatus
1512 2205 1546 2230 et
1562 2196 1645 2230 felix
1661 2195 1705 2229 sis
1721 2195 1782 2229 illo
1801 2193 1876 2228 ani-

468 2254 639 2298 Trajauus
661 2252 754 2286 enim
777 2265 794 2285 a
818 2252 932 2285 Nerva
960 2251 1144 2296 adoptatus
1205 2264 1282 2294 mo,
1295 2258 1400 2296 atque
1416 2251 1483 2283 illis
1500 2249 1659 2284 moribus
1678 2248 1805 2294 quibus
1823 2259 1878 2280 or-

470 2305 583 2340 dictus
593 2314 643 2339 est
657 2305 1146 2349 NervaTrajanus.—-Helico-
1205 2304 1280 2338 nari
1302 2316 1337 2338 se
1358 2303 1518 2337 crederet
1538 2303 1653 2336 Numa
1665 2327 1674 2343 ,
1691 2309 1726 2335 et
1746 2300 1880 2334 laetare-

473 2360 681 2402 r1es1·m'.Hoc
692 2367 741 2392 est
752 2358 880 2400 ‚libere
893 2357 1004 2391 Musis
1012 2369 1143 2391 vacare.
1206 2366 1263 2391 tur
1282 2357 1368 2391 Cato
1378 2384 1386 2398 ‚
1408 2355 1633 2402 quantumvis
1651 2365 1829 2396 morosus,
1846 2360 1882 2386 et

528 2416 562 2453 4.
581 2413 686 2457 Longi
701 2419 809 2445 metus.
827 2411 964 2452 Quibus
981 2411 1146 2456 percelle-
1207 2411 1331 2445 Stoicae
1347 2409 1483 2444 frontis.

473 2465 600 2499 bantur
635 2464 785 2498 Romani
815 2472 981 2509 regnante
1022 2464 1145 2497 Domi·
1260 2476 1295 2507 9.
1315 2464 1456 2508 ngiri.
1475 2460 1519 2495 Id
1537 2470 1612 2495 est:
1633 2460 1739 2494 Nunc
1757 2459 1882 2492 libera-

481 2518 574 2551 iano.
1205 2516 1341 2550 litatem
1366 2526 1525 2549 exercere
1550 2522 1662 2560 potes.
1688 2513 1736 2545 At
1758 2510 1796 2545 id
1817 2511 1883 2544 mi-

525 2572 558 2605 5.
579 2572 653 2605 Hoc
669 2571 799 2617 populi,
824 2578 890 2604 etc.
912 2569 1018 2611 Quod
1039 2569 1143 2603 habet
1202 2569 1296 2602 nima
1323 2582 1402 2615 pars
1425 2566 1541 2602 laudis
1569 2576 1660 2609 tuae‚
1683 2566 1883 2611 Imperator

473 2637 485 2656 x
496 2637 590 2658 ersus
604 2625 788 2670 insequens
799 2649 810 2665 ‚
828 2624 906 2656 Dux
925 2623 992 2662 tibi,
1012 2631 1076 2656 etc.
1203 2622 1351 2667 optime,
1365 2622 1495 2667 quippe
1511 2621 1571 2667 qui
1587 2620 1690 2654 etiam
1704 2619 1769 2652 sub
1783 2617 1883 2664 prin-

527 2680 559 2711 6.
586 2678 686 2710 Talis.
706 2676 826 2719 Qualis
848 2684 898 2710 est
919 2676 1044 2709 Nerva.
1203 2675 1280 2721 cipe
1302 2674 1437 2709 crudeli
1454 2675 1569 2710 honus
1587 2686 1659 2708 esse
1679 2683 1781 2706 ausus
1801 2669 1856 2704 sis.
