2044 3292
538 248 630 295 130

898 248 962 290 M.
1000 247 1076 289 VA
1091 247 1138 290 L.
1179 245 1574 289 MARTIALIS

1106 396 1359 452 LXIX.

1137 532 1331 580 curm*

598 681 902 723 PANNONicAs
924 675 1050 719 nobis
1078 690 1302 735 nunquam
1328 674 1448 718 dedit
1469 674 1655 718 Umbria
1680 685 1838 729 catta53

669 746 842 792 Mavult
865 746 959 790 haec
988 745 1168 789 domino
1192 746 1366 790 mittere
1387 745 1502 789 dona
1522 745 1707 790 Pudens.

599 887 847 937 Παννονικὰς
875 890 918 930 οὐ
943 888 1019 946 μὴν
1049 872 1226 947 ὅμὲρων
1257 881 1518 948 ἀποδέγμεθα
1546 886 1716 937 κάττας·

668 953 808 1001 Taza&
831 958 932 1001 θέλει
960 959 1130 1017 πέμπειν
1159 961 1312 1017 μᾶλλον
1338 956 1483 1001 ἄνακτι
1505 951 1661 1008 Πόδης.

584 1094 598 1108 ’
614 1096 711 1130 Catta
730 1094 786 1130 ed.
806 1095 983 1130 Schrevel.
1003 1095 1154 1129 Farnab.

582 1171 634 1176 —
656 1149 772 1182 Cauae.
795 1149 878 1182 Avis
896 1147 1077 1195 quoddam
1100 1161 1208 1194 genus

530 1211 581 1237 est
592 1228 602 1243 ,
615 1211 654 1236 ut
670 1211 796 1249 putant
810 1202 1028 1248 interpretes.
1045 1203 1114 1235 Alii
1128 1215 1208 1234 mu-

530 1257 630 1291 stelas
668 1256 851 1301 sylvestres
894 1267 965 1289 esse
1005 1255 1207 1302 opinantur.

531 1310 648 1344 Cattas
676 1322 694 1342 e
723 1308 903 1342 Pannonia
928 1308 1048 1342 missas
1069 1307 1210 1342 Pudens

530 1362 691 1396 habitans
710 1362 746 1395 in
771 1361 922 1395 Umbria
944 1358 1027 1400 (lib.
1044 1361 1133 1403 VII,
1153 1373 1208 1407 ep.

1266 1089 1388 1139 xcvn)
1403 1120 1413 1135 ,
1438 1108 1511 1129 non
1542 1095 1606 1129 sibi
1634 1103 1768 1136 servat,
1792 1094 1853 1129 sed
1876 1097 1945 1129 Ro-

1267 1161 1359 1182 mam
1387 1148 1496 1182 mittit
1528 1147 1696 1190 domino,
1720 1161 1825 1195 quem
1857 1149 1947 1182 bene

1267 1201 1326 1234 alii
1340 1202 1581 1234 Domitianum
1597 1227 1607 1242 ‚
1623 1202 1714 1235 male
1731 1202 1788 1235 alii
1800 1200 1946 1234 divitem

1268 1254 1454 1300 quemdam
1472 1263 1660 1302 patronum
1675 1255 1884 1300 intelligunt.
1893 1255 1946 1287 De

1269 1319 1305 1341 se
1323 1316 1438 1341 autem
1459 1307 1534 1354 ipse
1553 1307 1692 1341 Pudens
1712 1308 1884 1354 loquitur.

1325 1374 1356 1394 2.
1377 1361 1523 1394 Dominae
1541 1359 1613 1395 duo
1629 1361 1736 1395 Palat.
1755 1370 1789 1395 et
1809 1359 1943 1395 Arond.

1131 1498 1346 1554 LXX.

1160 1654 1301 1683 PAVO.
1322 1634 1339 1652 ῃ

601 1783 814 1826 MiRAms
843 1782 1013 1841 quoties
1044 1789 1313 1841 gemmantes
1340 1779 1528 1842 explicat
1555 1779 1665 1836 alas,

672 1854 729 1896 Et
757 1861 882 1913 potes
911 1852 1030 1895 hunc
1060 1867 1176 1895 saevo
1201 1850 1395 1907 tradere,
1419 1851 1552 1909 dure,
1581 1850 1756 1913 coquo?

601 1995 680 2037 Τὸν
701 1994 873 2053 ταρσοὺς
899 1991 1064 2041 τοσοίκις
1080 1991 1290 2052 λαμπροὺς
1311 1993 1514 2034 τανύοντα
1534 1990 1742 2048 τεθηπὼς,

671 2065 766 2114 Πῶς
788 2059 884 2124 δύνῃ
899 2096 910 2116 ,
934 2063 1128 2122 ὠμόφρων
1142 2098 1153 2117 ,
1178 2063 1351 2122 ἀρταμεῖ
1370 2055 1588 2122 προδόμενς

583 2193 599 2206 *
612 2197 695 2230 Avis
707 2196 812 2230 etiam
823 2195 1015 2230 infantibus
1027 2194 1208 2227 notissima

533 2259 568 2285 et
590 2263 709 2284 rerum
734 2248 950 2283 naturalium
975 2247 1208 2292 scriptoribus

533 2304 721 2343 omnibus,
744 2302 952 2343 Aristotele,
973 2301 1109 2341 Plinio,
1132 2299 1207 2344 Op-

530 2358 638 2404 piano
651 2381 660 2397 ‚
676 2357 839 2390 Varrone
851 2381 860 2396 ‚
884 2354 1078 2389 Columella
1089 2379 1098 2393 ‚
1124 2353 1207 2386 item

530 2424 547 2444 a
572 2410 786 2444 nostratibus
813 2417 848 2441 et
873 2406 1124 2441 recentioribus
1150 2419 1205 2439 ce-

530 2463 769 2497 lebratissima.
788 2462 937 2495 Carmen
957 2469 1006 2493 est
1025 2467 1205 2504 apertum;

529 2517 679 2551 miratur
701 2514 811 2549 occidi
833 2522 868 2547 et
885 2513 999 2547 vorari
1017 2524 1118 2558 posse
1136 2521 1205 2545 tarn

528 2570 717 2615 elegantem
739 2577 774 2602 et
794 2576 974 2601 venustam
1003 2578 1100 2599 avem
1118 2577 1125 2599 :
1144 2564 1204 2599 sed

526 2623 734 2667 Apiciorum
757 2622 837 2668 gula
856 2632 921 2654 nec
942 2619 1120 2665 elegantiae
1139 2631 1204 2652 nec

527 2675 702 2709 venustati
723 2686 880 2721 unquam
900 2673 1024 2719 parcit.
1049 2672 1115 2706 En.

1325 2206 1355 2227 1.
1381 2193 1590 2228 Gemmantes.
1603 2194 1684 2227 Vox
1709 2192 1754 2227 ad
1779 2193 1943 2228 eximiam

1266 2247 1521 2292 pavoninarum
1545 2248 1677 2280 alarum
1705 2246 1942 2293 pulchritudi-

1266 2313 1344 2333 nem
1363 2299 1613 2346 designandam
1630 2300 1760 2346 poetis,
1778 2300 1889 2334 immo
1909 2308 1944 2334 et

1266 2353 1430 2386 omnibus
1451 2354 1704 2399 scriptoribus,
1728 2365 1819 2398 saepe
1841 2366 1943 2387 usur-

1265 2414 1357 2452 pata.
1372 2406 1444 2440 Hac
1462 2407 1587 2440 volunt
1603 2405 1746 2452 quidam
1759 2406 1858 2440 innui
1872 2419 1944 2440 ma-

1264 2472 1334 2505 gno
1356 2460 1441 2492 olim
1466 2461 1582 2505 pretio
1604 2460 1759 2505 em'ptam
1783 2471 1882 2493 avem
1907 2467 1942 2493 et

1265 2525 1305 2545 ex
1322 2513 1401 2546 Asia
1420 2513 1457 2546 in
1476 2514 1653 2558 Europam
1671 2513 1866 2554 invectam3
1883 2512 1940 2545 alii

1264 2566 1404 2605 melius,
1427 2565 1650 2612 splendorem
1671 2564 1790 2599 caudae
1807 2563 1863 2599 cui
1885 2564 1939 2598 di-

1264 2631 1357 2653 ceres
1379 2618 1557 2665 adspersas
1578 2631 1743 2664 gemmas.
1762 2619 1830 2651 En.

1319 2685 1350 2704 2.
1373 2672 1473 2705 Clune
1489 2686 1552 2718 pro
1567 2673 1644 2705 dure
1660 2672 1732 2705 MS.
1748 2670 1881 2705 Beverl.
