2044 3292
507 235 605 281 206

857 237 917 279 M.
949 238 1091 281 VAL.
1150 237 1541 280 MARTIALIS

1068 385 1376 443 LXXIII.

1041 539 1390 569 PSITTACUS.

577 670 836 711 Psnrmcus
859 682 885 710 a
910 666 1036 710 vobis
1063 664 1247 710 aliorum
1274 667 1454 710 nomina
1477 666 1670 722 discam3

649 740 745 781 Hoc
770 736 899 781 didici
926 753 1004 797 per
1029 752 1099 780 me
1125 735 1270 781 dicere
1293 753 1302 779 τ
1330 738 1497 793 Caesar,
1527 752 1621 781 ave.

577 881 790 929 Ψιττακὸς
817 879 971 938 οὕνομα.
995 883 1075 920 τῶν
1107 876 1240 921 ἄλλων
1266 877 1379 939 παρὰ
1408 883 1489 922 σεῖο
1521 877 1700 938 μάθοιμι·

647 950 893 1010 Αὐτόματος
922 940 1133 992 ΚΑῘΣΑΡ
1162 939 1339 994 ΧΑῘΡΕ
1367 950 1495 1011 λέγειν
1527 943 1664 996 ἐδάην.

564 1106 595 1126 1.
620 1092 720 1124 Disco
739 1090 819 1125 cod.
837 1092 974 1125 Beverl.

564 1158 580 1178 α
591 1172 598 1178 .
614 1146 679 1178 Per
695 1158 742 1178 me
757 1145 873 1185 dicere,
895 1153 962 1178 etc.
979 1144 1121 1178 Naturae
1139 1144 1190 1177 in-

509 1199 637 1233 stinctu
650 1225 659 1239 ,
675 1211 754 1244 quae
770 1198 915 1231 numina
933 1196 1112 1231 adoranda
1125 1196 1189 1231 do·

507 1261 582 1286 cet:
602 1251 809 1286 adulatorie.
831 1251 939 1293 Quasi
962 1250 1074 1293 dicat,
1096 1251 1191 1286 Alias

509 1317 612 1340 voces
626 1305 751 1351 saepius
772 1305 960 1339 inculcatas
982 1317 1000 1337 a
1019 1303 1192 1349 magistris

1249 1090 1400 1137 accipio;
1416 1090 1588 1124 Caesarem
1607 1091 1757 1124 salutare
1773 1091 1848 1124 sine
1866 1103 1930 1124 ma-

1249 1144 1359 1190 gistro
1384 1143 1503 1177 didici.
1523 1144 1636 1177 Tanta
1658 1143 1763 1177 etiam
1792 1144 1834 1177 iis
1855 1144 1929 1176 ani·

1250 1197 1429 1231 mantibus
1448 1197 1509 1243 qui
1531 1197 1713 1230 intellectu
1738 1196 1855 1230 minus
1877 1197 1930 1229 in-

1253 1250 1376 1284 structi
1394 1259 1476 1284 sunt
1492 1250 1582 1284 inest
1599 1250 1716 1284 nativa
1735 1249 1930 1284 reverentia

1255 1304 1419 1338 Caesareae
1437 1303 1627 1348 majestatis
1642 1303 1650 1335 !

1074 1442 1367 1497 LXXIV.

1091 1598 1348 1626 CORVUS.

581 1730 746 1773 Convss
777 1725 1010 1782 salutator,
1035 1741 1171 1786 quare
1197 1724 1368 1769 fellator
1396 1725 1598 1769 haberis?

653 1801 706 1842 In
737 1807 871 1858 caput
902 1797 1081 1840 intravit
1111 1794 1306 1840 mentula
1337 1793 1456 1839 nulla
1487 1805 1627 1840 tuum.

570 1950 582 1970 1
594 1963 601 1970 .
619 1936 796 1969 Salutator.
812 1934 948 1968 Alludit
965 1935 1055 1968 forte
1067 1934 1196 1968 Noster

514 1989 556 2023 ad
573 2002 632 2024 eos
645 2002 790 2030 corvos,
807 2000 960 2034 quorum
979 2000 1071 2020 unus
1086 1988 1196 2022 Caesa-

514 2056 588 2077 rcm
606 2044 803 2088 Augustum
826 2041 869 2075 ab
887 2040 1024 2075 Actiaca
1047 2040 1195 2074 victoria

512 2095 680 2130 reducem
715 2095 810 2129 hisce
847 2094 963 2128 verbis
998 2093 1161 2127 salutavit
1184 2120 1193 2134 ‚

516 2151 597 2190 slve,
616 2148 646 2182 C
646 2162 740 2190 oesar,
755 2150 859 2181 viclo}-
869 2149 1054 2192 imperator;
1065 2155 1098 2179 et
1109 2146 1195 2179 alter

514 2203 587 2236 haec
606 2201 766 2236 dicturus
785 2209 876 2242 erat,
902 2199 931 2233 si
952 2199 1065 2233 victus
1088 2199 1193 2232 Octa—

513 2257 592 2290 vius
615 2263 723 2296 esset,
742 2256 813 2288 Ave
826 2282 835 2295 ‚
854 2254 999 2293 Antoni,
1019 2255 1123 2285 victor
1136 2254 1193 2285 im-

509 2318 650 2355 perator.
664 2309 823 2342 Macrob.
838 2306 905 2341 Sat.
921 2306 983 2339 lib.
998 2305 1035 2338 II
1045 2332 1054 2347 ‚
1068 2317 1143 2351 cap.
1158 2309 1191 2346 4.

512 2385 563 2388 —-—
584 2362 739 2396 Fellator.
759 2378 772 2391 α
794 2360 926 2394 Corvos
949 2371 1010 2392 ore
1032 2358 1127 2392 coire
1160 2367 1194 2392 et

511 2416 698 2462 concipere
725 2413 838 2448 eredit
874 2412 1018 2457 vulgus,
1056 2411 1194 2445 feminae

512 2477 627 2503 rostro
644 2467 750 2501 maris
766 2468 932 2501 inserto.»
947 2465 1039 2498 Plin.
1054 2465 1116 2497 lib.
1137 2465 1169 2497 X
1183 2489 1192 2504 ‚

513 2535 541 2556 c.
559 2535 571 2555 1
581 2537 614 2556 2.
631 2520 699 2555 Sed
714 2520 917 2554 Aristoteles
932 2527 1036 2564 negat
1049 2526 1083 2551 et
1101 2517 1194 2551 deri-

514 2574 574 2609 det
594 2574 787 2609 ridiculum
806 2574 874 2607 hoc
896 2579 1134 2606 commentum
1152 2571 1194 2604 ab

517 2630 721 2674 Anaxagora
741 2627 859 2674 primo
874 2624 1058 2672 proditum
1070 2624 1131 2658 lib.
1150 2623 1194 2657 de

515 2682 667 2715 Animal.
688 2679 795 2722 Quod
825 2692 886 2714 ore
916 2679 1052 2713 coirent
1077 2679 1193 2717 corvi,

515 2735 757 2781 pervulgatum
780 2734 847 2767 hoc
875 2733 1000 2778 probat
1030 2731 1089 2764 hic
1115 2743 1192 2764 ver—

1258 1935 1372 1968 culus.
1402 1934 1477 1967 Nec
1506 1934 1602 1967 enim
1637 1933 1831 1979 simplicem
1861 1946 1935 1968 me·

1257 1999 1406 2033 rumque
1421 1987 1533 2021 osculi
1551 1987 1683 2020 coitum
1697 1986 1752 2019 καὶ
1770 1987 1851 2032 μίξιν
1868 1991 1932 2020 τῶν

1256 2041 1379 2085 ῥυγχῶν
1405 2040 1442 2073 in
1464 2040 1594 2076 corvis,
1620 2048 1661 2073 ut
1687 2039 1723 2073 in
1746 2040 1934 2080 columbis,

1256 2093 1331 2126 fieri
1346 2092 1593 2126 existimabant
1605 2103 1613 2124 :
1623 2091 1684 2125 sed
1697 2105 1814 2126 semen
1829 2092 1934 2126 etiam

1257 2158 1298 2179 ex
1323 2146 1417 2178 coitu
1446 2157 1509 2190 per
1536 2157 1574 2178 os
1597 2144 1741 2179 immitti
1774 2146 1809 2179 in
1840 2145 1936 2179 femi-

1254 2211 1357 2239 nam,
1378 2210 1449 2244 quo
1478 2196 1732 2243 gravidaretur.
1762 2197 1850 2231 Inde
1876 2198 1936 2231 fel-

1254 2251 1393 2285 latrices
1425 2251 1492 2284 illae
1524 2263 1602 2284 aves
1629 2252 1734 2296 vulgo
1762 2252 1935 2285 existima-

1253 2304 1393 2337 bantur.
1427 2303 1483 2338 Sic
1508 2304 1580 2337 fere
1606 2304 1804 2338 Salmasius.
1823 2304 1935 2338 Simili

1255 2356 1458 2391 adulatione
1481 2355 1524 2390 de
1546 2357 1705 2403 supplice
1727 2366 1806 2391 ante
1826 2358 1935 2402 impe-

1254 2411 1380 2444 ratoris
1397 2409 1504 2456 pedes
1520 2411 1704 2457 elephante
1715 2436 1724 2452 ‚
1739 2411 1800 2444 lib.
1819 2409 1935 2455 Spect.

1255 2464 1460 2509 epigramm.
1490 2476 1566 2497 xvu
1586 2475 1594 2496 z
1613 2481 1627 2493 «ι
1653 2462 1761 2504 Quod
1792 2463 1870 2509 pius
1903 2471 1936 2496 ct

1256 2517 1402 2563 supplex
1423 2517 1563 2562 elephas
1580 2525 1614 2550 te
1626 2543 1635 2558 ‚
1655 2517 1782 2558 Caesar,
1797 2514 1938 2557 adorat,

1256 2570 1323 2604 Hie
1345 2569 1451 2603 modo
1473 2570 1533 2615 qui
1557 2578 1657 2603 tauro
1680 2577 1750 2603 tam
1775 2577 1935 2602 metuen-

1255 2622 1320 2657 dus
1345 2631 1440 2663 erat,
1474 2623 1555 2656 Non
1589 2622 1672 2656 facit
1702 2622 1770 2655 hoc
1794 2623 1908 2665 jussus
1926 2647 1935 2661 ,

1254 2676 1426 2722 nulloque
1449 2674 1598 2709 docente
1620 2675 1804 2719 magistro:
1822 2672 1936 2708 Crede

1257 2729 1360 2769 mihi,
1379 2741 1511 2763 numen
1531 2728 1637 2762 sentit
1657 2737 1689 2761 ct
1711 2728 1769 2760 ille
1787 2736 1899 2761 tuum.
1916 2743 1929 2759 ι,
