1901 3259
350 217 935 261 EPIGRAMMATUM
974 217 1100 260 LIB.
1140 216 1275 258 XIV.

1414 213 1503 258 231

687 366 924 424 CXVI.

535 524 764 552 LAGENA
810 501 1086 552 N1VAR1Af

175 647 441 689 SPOLETlNA
466 645 602 700 bibis,
622 645 690 688 vel
716 646 873 688 Marsis
905 643 1080 687 condita
1109 642 1248 697 cellis;

246 716 348 772 Quo
378 715 455 759 tibi
484 714 673 759 decoctae
699 714 845 759 nobile
875 715 1011 775 frigus
1034 712 1183 774 aquae?

157 853 172 866 ¹*
187 856 378 900 Inscriptio
398 856 434 888 in
459 854 538 888 cod.
565 855 702 888 Thuan.
728 865 777 888 est

107 908 235 940 Lacona
253 909 371 940 nivata.

162 973 193 994 1.
228 960 403 1005 Spoletina.
441 961 492 992 De
528 959 709 1006 Spoletino
744 969 778 992 et

104 1012 253 1046 Marsico
286 1013 369 1045 vino
406 1011 539 1045 dictum
578 1013 637 1045 lib.
671 1013 776 1053 XIII,

103 1066 213 1110 epigr.
226 1078 291 1098 cxx
310 1073 345 1098 et
366 1077 459 1098 CXXI.

158 1131 191 1151 2.
215 1118 288 1162 Quo
310 1117 377 1151 tibi.
397 1118 439 1150 In
461 1129 566 1162 quem
586 1130 687 1150 usum
711 1118 778 1150 erit

103 1171 166 1203 tibi
197 1183 289 1216 aqua
307 1169 470 1211 decocta,
492 1178 526 1203 et
547 1182 623 1215 quae
648 1168 777 1203 deinde

102 1223 303 1269 refrigerata
331 1222 482 1268 pretiosa
509 1223 714 1261 habebatur,
743 1230 776 1255 et

102 1276 384 1320 praestantissimo
421 1283 557 1308 tantum
585 1277 667 1308 vino
697 1287 778 1308 con-

103 1328 291 1363 veniebat?
318 1340 433 1374 neque
462 1328 556 1361 enim
588 1328 689 1361 nobile
722 1329 776 1360 de-

105 1390 200 1414 coctoe
218 1378 285 1421 (de
316 1394 382 1427 qua
408 1381 471 1415 lib.
488 1382 532 1420 V,
559 1382 666 1427 epigr.
695 1394 773 1422 va‚

104 1447 151 1468 vs.
171 1433 223 1474 2.)
246 1435 409 1468 convenit
424 1447 502 1467 cum
522 1434 705 1468 vilioribus
723 1435 774 1466 vi-

104 1487 177 1527 nis,
198 1488 306 1532 epigr.
325 1499 391 1520 cxx
418 1495 451 1519 et
475 1499 556 1520 exn
583 1487 643 1520 lib.
665 1485 774 1532 ejusd.

106 1542 204 1585 Aqua
218 1548 334 1573 autem
350 1539 493 1573 decocta
506 1540 541 1572 in
554 1540 695 1573 nivibus
711 1540 776 1572 ite·

104 1605 255 1638 rumque
276 1592 476 1637 refrigerata
493 1605 618 1638 magno
638 1593 673 1625 in
698 1605 778 1638 pre-

105 1645 154 1678 tio
171 1645 375 1679 habebatur.
392 1645 524 1678 Plinius
544 1646 684 1687 XXXI,
703 1658 778 1690 cap.

108 1699 154 1732 3:
182 1716 194 1728 t«
211 1699 362 1732 Neronis
393 1698 564 1744 principis
597 1698 780 1731 inventum

837 864 887 887 est
901 881 909 896 ‚
923 854 1117 899 decoquere
1129 865 1251 898 aquam
1262 878 1271 894 ‚
1283 853 1445 897 vitroque
1456 850 1517 884 de-

837 908 976 939 missam
992 908 1025 940 in
1042 907 1140 939 nives
1157 905 1373 950 refrigerare.
1390 921 1403 933 n
1421 905 1514 937 Tum

837 959 884 992 id.
899 960 960 994 lib.
973 960 1061 992 XIX
1075 985 1084 1000 ‚
1099 971 1172 1003 cap.
1192 962 1211 997 4
1226 970 1234 991 ;
1252 958 1351 990 «Heu
1362 983 1371 998 ,
1383 957 1495 1002 inquit
1508 982 1518 998 ,

836 1011 997 1057 prodigia
1007 1012 1146 1045 ventris!
1156 1012 1263 1056 Aquae
1273 1022 1412 1056 quoque
1423 1022 1518 1054 sepa-

836 1073 970 1103 rantur,
993 1073 1028 1098 et
1050 1065 1123 1109 ipsa
1143 1072 1278 1096 naturae
1296 1064 1463 1096 elementa
1482 1063 1517 1094 vi

836 1117 994 1162 pecuniae
1013 1116 1162 1150 discreta
1178 1123 1270 1149 sunt.
1286 1116 1331 1148 Hi
1344 1115 1454 1157 nives,
1467 1115 1517 1147 illi

835 1170 980 1215 glaciem
1013 1177 1136 1215 potant
1151 1194 1159 1210 ,
1193 1180 1385 1213 poenasque
1414 1179 1517 1200 mon-

837 1223 927 1256 tium
952 1223 987 1255 in
1008 1222 1098 1267 gulae
1121 1222 1335 1266 voluptatem
1359 1228 1516 1254 vertunt.

838 1276 1001 1308 Servatur
1016 1276 1110 1320 algor
1121 1274 1259 1307 aestibus
1268 1300 1276 1314 ‚
1289 1274 1518 1318 excogitatur-

838 1341 906 1373 que
921 1336 960 1361 ut
975 1328 1095 1361 alienis
1112 1328 1290 1360 mensibus
1309 1326 1368 1359 nix
1386 1327 1516 1371 algeat3

837 1380 1041 1426 decoquunt
1064 1381 1121 1414 alii
1141 1393 1266 1425 aquas,
1288 1387 1322 1412 et
1341 1392 1423 1412 mox
1440 1379 1515 1412 hie-

837 1442 967 1476 mant.»
984 1435 1067 1467 Juv.
1080 1442 1142 1467 sat.
1157 1434 1202 1473 V,
1220 1434 1288 1466 50:
1312 1450 1325 1462 a
1339 1431 1514 1476 Frigidior

838 1486 970 1520 Geticis
1000 1487 1131 1532 petitur
1153 1485 1295 1519 decocta
1329 1485 1477 1530 pruinis.
1497 1502 1509 1512 ›—

838 1539 921 1573 Vid.
939 1540 1085 1585 insuper
1099 1539 1143 1572 de
1162 1539 1229 1572 hoc
1250 1539 1390 1572 Senecae
1412 1538 1513 1582 epist.

844 1605 858 1626 1
870 1593 887 1626 5
904 1591 946 1625 ad
957 1593 1131 1626 Lucilium
1146 1619 1153 1632 ,
1172 1592 1317 1624 Sueton.
1334 1591 1369 1623 in
1384 1591 1516 1623 Neron.

842 1645 1019 1679 Plutarch.
1037 1646 1197 1691 Sympos.
1221 1644 1316 1685 l.VI,
1336 1641 1516 1690 Lamprid.

841 1699 878 1730 in
899 1698 1144 1743 Heliogabalo,
1161 1706 1194 1731 et
1214 1697 1411 1730 Athenaeus.

682 1836 944 1892 CXVII.

715 1970 914 2018 Νινῑιε.ῃ

176 2098 284 2141 NON
310 2106 461 2157 potare
492 2099 661 2151 nivem,
689 2097 763 2140 sed
788 2113 946 2157 aquam
973 2107 1125 2158 potare
1153 2099 1364 2157 rigentem

246 2169 315 2210 De
343 2169 467 2217 nive,
496 2177 745 2211 commenta
773 2178 836 2211 est
864 2168 1089 2229 ingeniosa
1115 2169 1215 2211 sitis.

179 2290 238 2330 Οὐ
266 2289 401 2346 χιόνας
427 2288 549 2331 πίνειν
578 2289 670 2347 μὲν,
698 2287 800 2348 ἀτὰρ
830 2286 1083 2350 ψυχροςαγὲς
1113 2284 1220 2349 ὕδωρ

248 2348 310 2401 Ἐκ
339 2359 480 2417 χιόνων
510 2360 654 2412 πίνειν,
681 2353 797 2417 δίψος
827 2361 961 2420 ἐφεῦρε
994 2360 1129 2417 σοφόν.

163 2456 176 2469 ’
194 2461 291 2506 Aqua
309 2463 396 2493 nivea
422 2461 477 2494 ed.
497 2462 595 2496 Bai-b.
610 2471 679 2495 tam
693 2475 784 2508 saepe

110 2511 310 2546 ¹solitudinis
336 2525 450 2547 amans
472 2522 506 2547 et
533 2515 678 2548 aliarum
701 2515 780 2549 edd.

110 2565 308 2598 societatem
327 2579 439 2599 exosa.

1243 2438 1248 2450 i

901 2476 930 2496 1.
955 2463 1029 2496 Non
1043 2470 1155 2506 potare
1177 2454 1284 2494 nivem.
1307 2458 1373 2493 Sed
1394 2471 1516 2504 aquam

843 2514 1018 2549 decoctam
1037 2527 1081 2548 ex
1100 2515 1182 2559 ipsis
1195 2513 1355 2553 nivibus,
1369 2520 1403 2544 et
1420 2510 1520 2545 dein·

845 2567 888 2601 de
901 2568 1150 2612 refrigeratam.
1170 2565 1254 2598 Vid.
1272 2565 1378 2610 epigr.
1396 2577 1488 2597 cxw.

1266 2684 1316 2707 »1⁴

1232 2702 1284 2734 tt)
