<?xml version="1.0" encoding="UTF-8"?>
<!DOCTYPE html PUBLIC "-//W3C//DTD XHTML 1.0 Transitional//EN"
    "http://www.w3.org/TR/xhtml1/DTD/xhtml1-transitional.dtd">
<html xmlns="http://www.w3.org/1999/xhtml" xml:lang="en" lang="en">
 <head>
  <title>
</title>
<meta http-equiv="Content-Type" content="text/html;charset=utf-8" />
  <meta name='ocr-system' content='tesseract 3.04.00' />
  <meta name='ocr-capabilities' content='ocr_page ocr_carea ocr_par ocr_line ocrx_word'/>
</head>
<body>
  <div class='ocr_page' id='page_1' title='image "./epigrammata03martuoft/epigrammata03martuoft_0206.png"; bbox 0 0 2044 3292; ppageno 0'>
   <div class='ocr_carea' id='block_1_1' title="bbox 527 219 616 273">
    <p class='ocr_par' dir='ltr' id='par_1_1' title="bbox 527 219 616 273">
     <span class='ocr_line' id='line_1_1' title="bbox 527 219 616 273; baseline -0.011 -9"><span class='ocrx_word' id='word_1_1' title='bbox 527 219 616 273; x_wconf 72' lang='lat'>148</span> 
     </span>
    </p>
   </div>
   <div class='ocr_carea' id='block_1_2' title="bbox 897 220 1551 264">
    <p class='ocr_par' dir='ltr' id='par_1_2' title="bbox 897 220 1551 264">
     <span class='ocr_line' id='line_1_2' title="bbox 897 220 1551 264; baseline 0.003 -3"><span class='ocrx_word' id='word_1_2' title='bbox 897 220 954 261; x_wconf 84' lang='lat' dir='ltr'>M.</span> <span class='ocrx_word' id='word_1_3' title='bbox 991 220 1063 262; x_wconf 69' lang='lat' dir='ltr'>vA</span> <span class='ocrx_word' id='word_1_4' title='bbox 1081 220 1128 262; x_wconf 91' lang='lat' dir='ltr'>L.</span> <span class='ocrx_word' id='word_1_5' title='bbox 1169 220 1551 264; x_wconf 79' lang='lat' dir='ltr'><strong>MARTlALls</strong></span> 
     </span>
    </p>
   </div>
   <div class='ocr_carea' id='block_1_3' title="bbox 1190 367 1253 423">
    <p class='ocr_par' dir='ltr' id='par_1_3' title="bbox 1190 367 1253 423">
     <span class='ocr_line' id='line_1_3' title="bbox 1190 367 1253 423; baseline 0 0"><span class='ocrx_word' id='word_1_6' title='bbox 1190 367 1253 423; x_wconf 87' lang='lat' dir='ltr'>C.</span> 
     </span>
    </p>
   </div>
   <div class='ocr_carea' id='block_1_4' title="bbox 1105 523 1336 552">
    <p class='ocr_par' dir='ltr' id='par_1_4' title="bbox 1105 523 1336 552">
     <span class='ocr_line' id='line_1_4' title="bbox 1105 523 1336 552; baseline -0.004 -1"><span class='ocrx_word' id='word_1_7' title='bbox 1105 523 1336 552; x_wconf 76' lang='lat' dir='ltr'><strong>ONAGER.</strong></span> 
     </span>
    </p>
   </div>
   <div class='ocr_carea' id='block_1_5' title="bbox 582 645 1666 777">
    <p class='ocr_par' dir='ltr' id='par_1_5' title="bbox 582 645 1666 777">
     <span class='ocr_line' id='line_1_5' title="bbox 582 645 1666 706; baseline 0.001 -15"><span class='ocrx_word' id='word_1_8' title='bbox 582 649 801 691; x_wconf 68' lang='lat' dir='ltr'>pomum</span> <span class='ocrx_word' id='word_1_9' title='bbox 833 645 955 690; x_wconf 80' lang='lat' dir='ltr'>adest</span> <span class='ocrx_word' id='word_1_10' title='bbox 985 662 1148 706; x_wconf 77' lang='lat' dir='ltr'>onager</span> <span class='ocrx_word' id='word_1_11' title='bbox 1175 664 1182 689; x_wconf 93' lang='lat'>:</span> <span class='ocrx_word' id='word_1_12' title='bbox 1208 647 1318 690; x_wconf 85' lang='lat' dir='ltr'>mitti</span> <span class='ocrx_word' id='word_1_13' title='bbox 1347 649 1517 691; x_wconf 83' lang='lat' dir='ltr'>venatio</span> <span class='ocrx_word' id='word_1_14' title='bbox 1540 648 1666 692; x_wconf 78' lang='lat' dir='ltr'>debet</span> 
     </span>
     <span class='ocr_line' id='line_1_6' title="bbox 652 716 1608 777; baseline 0.001 -17"><span class='ocrx_word' id='word_1_15' title='bbox 652 718 807 761; x_wconf 75' lang='lat' dir='ltr'>Dentis</span> <span class='ocrx_word' id='word_1_16' title='bbox 839 716 1051 777; x_wconf 77' lang='lat' dir='ltr'>Erythraei</span> <span class='ocrx_word' id='word_1_17' title='bbox 1080 733 1088 759; x_wconf 88' lang='lat'>:</span> <span class='ocrx_word' id='word_1_18' title='bbox 1113 717 1202 777; x_wconf 83' lang='lat' dir='ltr'>jam</span> <span class='ocrx_word' id='word_1_19' title='bbox 1229 727 1450 761; x_wconf 82' lang='lat' dir='ltr'>removete</span> <span class='ocrx_word' id='word_1_20' title='bbox 1480 720 1608 762; x_wconf 78' lang='lat' dir='ltr'>sinus.</span> 
     </span>
    </p>
   </div>
   <div class='ocr_carea' id='block_1_6' title="bbox 579 851 1620 990">
    <p class='ocr_par' dir='ltr' id='par_1_6' title="bbox 579 851 1620 990">
     <span class='ocr_line' id='line_1_7' title="bbox 579 851 1620 918; baseline 0.002 -19"><span class='ocrx_word' id='word_1_21' title='bbox 579 859 720 917; x_wconf 81' lang='grc' dir='ltr'>Θοῢρις</span> <span class='ocrx_word' id='word_1_22' title='bbox 747 851 1031 916; x_wconf 75' lang='grc' dir='ltr'>ὀδοντομάχου</span> <span class='ocrx_word' id='word_1_23' title='bbox 1058 857 1155 917; x_wconf 71' lang='grc' dir='ltr'>θήρη</span> <span class='ocrx_word' id='word_1_24' title='bbox 1189 858 1403 917; x_wconf 79' lang='grc' dir='ltr'>ἐλέφαντος</span> <span class='ocrx_word' id='word_1_25' title='bbox 1433 858 1620 918; x_wconf 76' lang='grc' dir='ltr'>ἀφείσθω·</span> 
     </span>
     <span class='ocr_line' id='line_1_8' title="bbox 649 919 1599 990; baseline 0.001 -21"><span class='ocrx_word' id='word_1_26' title='bbox 649 928 787 977; x_wconf 84' lang='grc' dir='ltr'>Καλὸς</span> <span class='ocrx_word' id='word_1_27' title='bbox 817 919 1080 987; x_wconf 81' lang='grc' dir='ltr'>(ἀφαιρείσθω</span> <span class='ocrx_word' id='word_1_28' title='bbox 1103 921 1214 988; x_wconf 77' lang='grc' dir='ltr'>λῖνα)</span> <span class='ocrx_word' id='word_1_29' title='bbox 1247 927 1392 988; x_wconf 50' lang='grc' dir='ltr'>πάρεξ</span> <span class='ocrx_word' id='word_1_30' title='bbox 1420 931 1599 990; x_wconf 79' lang='grc' dir='ltr'>ὄναγρος.</span> 
     </span>
    </p>
   </div>
   <div class='ocr_carea' id='block_1_7' title="bbox 509 1066 1192 1590">
    <p class='ocr_par' dir='ltr' id='par_1_7' title="bbox 509 1066 1192 1590">
     <span class='ocr_line' id='line_1_9' title="bbox 568 1066 1189 1112; baseline 0 -13"><span class='ocrx_word' id='word_1_31' title='bbox 568 1079 598 1099; x_wconf 85' lang='lat'>1.</span> <span class='ocrx_word' id='word_1_32' title='bbox 620 1066 764 1111; x_wconf 75' lang='lat' dir='ltr'>Onager.</span> <span class='ocrx_word' id='word_1_33' title='bbox 788 1067 840 1100; x_wconf 85' lang='lat' dir='ltr'>De</span> <span class='ocrx_word' id='word_1_34' title='bbox 859 1078 930 1111; x_wconf 91' lang='lat' dir='ltr'>quo</span> <span class='ocrx_word' id='word_1_35' title='bbox 953 1079 1058 1111; x_wconf 85' lang='lat' dir='ltr'>supra</span> <span class='ocrx_word' id='word_1_36' title='bbox 1078 1066 1189 1112; x_wconf 85' lang='lat' dir='ltr'>epigr.</span> 
     </span>
     <span class='ocr_line' id='line_1_10' title="bbox 510 1119 1190 1165; baseline -0.001 -12"><span class='ocrx_word' id='word_1_37' title='bbox 510 1131 619 1153; x_wconf 83' lang='lat' dir='ltr'>xcvn.</span> <span class='ocrx_word' id='word_1_38' title='bbox 647 1141 683 1146; x_wconf 95' lang='lat'>—</span> <span class='ocrx_word' id='word_1_39' title='bbox 710 1119 861 1153; x_wconf 79' lang='lat' dir='ltr'><em>Pulcher.</em></span> <span class='ocrx_word' id='word_1_40' title='bbox 881 1119 1034 1164; x_wconf 81' lang='lat' dir='ltr'>Oppian.</span> <span class='ocrx_word' id='word_1_41' title='bbox 1056 1120 1190 1165; x_wconf 86' lang='lat' dir='ltr'>Cyneg.</span> 
     </span>
     <span class='ocr_line' id='line_1_11' title="bbox 509 1165 1189 1218; baseline -0.003 -11"><span class='ocrx_word' id='word_1_42' title='bbox 509 1173 571 1207; x_wconf 84' lang='lat' dir='ltr'>lib.</span> <span class='ocrx_word' id='word_1_43' title='bbox 589 1173 644 1205; x_wconf 90' lang='lat' dir='ltr'>III</span> <span class='ocrx_word' id='word_1_44' title='bbox 656 1183 664 1205; x_wconf 89' lang='lat'>:</span> <span class='ocrx_word' id='word_1_45' title='bbox 676 1165 836 1218; x_wconf 63' lang='grc' dir='ltr'>Ϊὲΰσφυρον</span> <span class='ocrx_word' id='word_1_46' title='bbox 853 1173 1008 1217; x_wconf 73' lang='grc' dir='ltr'>ἠερόεντα</span> <span class='ocrx_word' id='word_1_47' title='bbox 1026 1173 1189 1217; x_wconf 80' lang='grc' dir='ltr'>Κραιπνὸν</span> 
     </span>
     <span class='ocr_line' id='line_1_12' title="bbox 512 1222 1192 1271; baseline -0.001 -11"><span class='ocrx_word' id='word_1_48' title='bbox 512 1222 709 1261; x_wconf 66' lang='grc' dir='ltr'>ἀελλοπόὸην</span> <span class='ocrx_word' id='word_1_49' title='bbox 740 1226 977 1271; x_wconf 73' lang='grc' dir='ltr'>κρατερώνυχον</span> <span class='ocrx_word' id='word_1_50' title='bbox 1007 1227 1102 1259; x_wconf 84' lang='grc' dir='ltr'>αἰπὺν</span> <span class='ocrx_word' id='word_1_51' title='bbox 1121 1227 1192 1259; x_wconf 70' lang='grc' dir='ltr'>ἕνα·</span> 
     </span>
     <span class='ocr_line' id='line_1_13' title="bbox 509 1271 1190 1324; baseline -0.003 -11"><span class='ocrx_word' id='word_1_52' title='bbox 509 1292 598 1324; x_wconf 64' lang='grc' dir='ltr'>γρεν,</span> <span class='ocrx_word' id='word_1_53' title='bbox 613 1271 658 1318; x_wconf 74' lang='grc' dir='ltr'>ὥς</span> <span class='ocrx_word' id='word_1_54' title='bbox 677 1292 713 1312; x_wconf 87' lang='grc' dir='ltr'>τε</span> <span class='ocrx_word' id='word_1_55' title='bbox 733 1280 822 1312; x_wconf 82' lang='grc' dir='ltr'>πέλει</span> <span class='ocrx_word' id='word_1_56' title='bbox 839 1275 987 1324; x_wconf 69' lang='grc' dir='ltr'>φαιδρὸς,</span> <span class='ocrx_word' id='word_1_57' title='bbox 1005 1277 1110 1324; x_wconf 71' lang='grc' dir='ltr'><em>δέμας</em></span> <span class='ocrx_word' id='word_1_58' title='bbox 1135 1279 1190 1323; x_wconf 82' lang='grc' dir='ltr'>ἅρ-</span> 
     </span>
     <span class='ocr_line' id='line_1_14' title="bbox 511 1326 1190 1377; baseline 0 -12"><span class='ocrx_word' id='word_1_59' title='bbox 511 1345 574 1371; x_wconf 79' lang='grc' dir='ltr'>κιος</span> <span class='ocrx_word' id='word_1_60' title='bbox 587 1357 596 1372; x_wconf 93' lang='grc'><em>,</em></span> <span class='ocrx_word' id='word_1_61' title='bbox 621 1333 707 1376; x_wconf 83' lang='grc' dir='ltr'>εὐρὺς</span> <span class='ocrx_word' id='word_1_62' title='bbox 727 1329 855 1365; x_wconf 69' lang='grc' dir='ltr'>ἴδεσθαι</span> <span class='ocrx_word' id='word_1_63' title='bbox 868 1358 877 1374; x_wconf 88' lang='grc'><em>,</em></span> <span class='ocrx_word' id='word_1_64' title='bbox 893 1326 1052 1377; x_wconf 72' lang='grc' dir='ltr'>Ᾰργύφεος</span> <span class='ocrx_word' id='word_1_65' title='bbox 1072 1332 1190 1377; x_wconf 72' lang='grc' dir='ltr'>χρείην.</span> 
     </span>
     <span class='ocr_line' id='line_1_15' title="bbox 509 1384 1189 1431; baseline 0 -13"><span class='ocrx_word' id='word_1_66' title='bbox 509 1407 562 1412; x_wconf 89' lang='lat'>—-</span> <span class='ocrx_word' id='word_1_67' title='bbox 592 1385 692 1418; x_wconf 68' lang='lat' dir='ltr'><em>Mitti.</em></span> <span class='ocrx_word' id='word_1_68' title='bbox 725 1385 815 1427; x_wconf 83' lang='lat' dir='ltr'>Quia</span> <span class='ocrx_word' id='word_1_69' title='bbox 846 1384 978 1418; x_wconf 78' lang='lat' dir='ltr'>scilicet</span> <span class='ocrx_word' id='word_1_70' title='bbox 1005 1384 1189 1431; x_wconf 86' lang='lat' dir='ltr'><strong>pulchrius</strong></span> 
     </span>
     <span class='ocr_line' id='line_1_16' title="bbox 512 1437 1191 1484; baseline -0.001 -13"><span class='ocrx_word' id='word_1_71' title='bbox 512 1446 562 1471; x_wconf 75' lang='lat' dir='ltr'>est</span> <span class='ocrx_word' id='word_1_72' title='bbox 583 1450 798 1484; x_wconf 87' lang='lat' dir='ltr'>onagrorum</span> <span class='ocrx_word' id='word_1_73' title='bbox 825 1437 1065 1483; x_wconf 80' lang='lat' dir='ltr'>pugnantium</span> <span class='ocrx_word' id='word_1_74' title='bbox 1089 1450 1191 1483; x_wconf 89' lang='lat' dir='ltr'>quam</span> 
     </span>
     <span class='ocr_line' id='line_1_17' title="bbox 511 1491 1190 1537; baseline -0.001 -13"><span class='ocrx_word' id='word_1_75' title='bbox 511 1491 779 1537; x_wconf 73' lang='lat' dir='ltr'><strong>elephantorum</strong></span> <span class='ocrx_word' id='word_1_76' title='bbox 822 1491 1072 1537; x_wconf 82' lang='lat' dir='ltr'>spectaculum.</span> <span class='ocrx_word' id='word_1_77' title='bbox 1123 1491 1190 1523; x_wconf 89' lang='lat' dir='ltr'><strong>Alii</strong></span> 
     </span>
     <span class='ocr_line' id='line_1_18' title="bbox 512 1543 1190 1590; baseline -0.001 -13"><span class='ocrx_word' id='word_1_78' title='bbox 512 1544 559 1577; x_wconf 82' lang='lat' dir='ltr'>sic</span> <span class='ocrx_word' id='word_1_79' title='bbox 580 1544 797 1590; x_wconf 83' lang='lat' dir='ltr'>intelligunt,</span> <span class='ocrx_word' id='word_1_80' title='bbox 819 1543 1105 1577; x_wconf 78' lang='lat' dir='ltr'>immittendosin</span> <span class='ocrx_word' id='word_1_81' title='bbox 1117 1556 1190 1576; x_wconf 83' lang='lat' dir='ltr'>are-</span> 
     </span>
    </p>
   </div>
   <div class='ocr_carea' id='block_1_8' title="bbox 1250 1066 1929 1590">
    <p class='ocr_par' dir='ltr' id='par_1_8' title="bbox 1251 1066 1928 1164">
     <span class='ocr_line' id='line_1_19' title="bbox 1252 1066 1928 1114; baseline 0.004 -15"><span class='ocrx_word' id='word_1_82' title='bbox 1252 1079 1332 1100; x_wconf 88' lang='lat' dir='ltr'>nam</span> <span class='ocrx_word' id='word_1_83' title='bbox 1369 1066 1572 1112; x_wconf 85' lang='lat' dir='ltr'><strong>elephantos</strong></span> <span class='ocrx_word' id='word_1_84' title='bbox 1599 1079 1677 1100; x_wconf 84' lang='lat' dir='ltr'>cum</span> <span class='ocrx_word' id='word_1_85' title='bbox 1708 1068 1844 1114; x_wconf 78' lang='lat' dir='ltr'>onagris</span> <span class='ocrx_word' id='word_1_86' title='bbox 1864 1081 1928 1114; x_wconf 88' lang='lat' dir='ltr'>pu-</span> 
     </span>
     <span class='ocr_line' id='line_1_20' title="bbox 1251 1118 1709 1164; baseline 0.002 -12"><span class='ocrx_word' id='word_1_87' title='bbox 1251 1128 1428 1164; x_wconf 82' lang='lat' dir='ltr'>gnaturos.</span> <span class='ocrx_word' id='word_1_88' title='bbox 1443 1118 1571 1153; x_wconf 84' lang='lat' dir='ltr'>Videat</span> <span class='ocrx_word' id='word_1_89' title='bbox 1589 1120 1709 1154; x_wconf 84' lang='lat' dir='ltr'>lector.</span> 
     </span>
    </p>

    <p class='ocr_par' dir='ltr' id='par_1_9' title="bbox 1250 1173 1929 1590">
     <span class='ocr_line' id='line_1_21' title="bbox 1306 1173 1929 1219; baseline 0.006 -15"><span class='ocrx_word' id='word_1_90' title='bbox 1306 1186 1336 1205; x_wconf 86' lang='lat'>2.</span> <span class='ocrx_word' id='word_1_91' title='bbox 1359 1173 1475 1205; x_wconf 82' lang='lat' dir='ltr'><em>Dentis</em></span> <span class='ocrx_word' id='word_1_92' title='bbox 1499 1173 1675 1219; x_wconf 60' lang='lat' dir='ltr'>Elymaei.</span> <span class='ocrx_word' id='word_1_93' title='bbox 1701 1173 1839 1219; x_wconf 80' lang='lat' dir='ltr'>Legunt</span> <span class='ocrx_word' id='word_1_94' title='bbox 1872 1175 1929 1208; x_wconf 84' lang='lat' dir='ltr'>alii</span> 
     </span>
     <span class='ocr_line' id='line_1_22' title="bbox 1254 1225 1927 1272; baseline 0 -12"><span class='ocrx_word' id='word_1_95' title='bbox 1254 1225 1367 1260; x_wconf 78' lang='lat' dir='ltr'>Gentis</span> <span class='ocrx_word' id='word_1_96' title='bbox 1384 1226 1564 1272; x_wconf 59' lang='lat' dir='ltr'>Etytlzraeae</span> <span class='ocrx_word' id='word_1_97' title='bbox 1579 1225 1697 1271; x_wconf 91' lang='lat' dir='ltr'>:quod</span> <span class='ocrx_word' id='word_1_98' title='bbox 1713 1226 1750 1260; x_wconf 89' lang='lat' dir='ltr'>in</span> <span class='ocrx_word' id='word_1_99' title='bbox 1770 1226 1927 1261; x_wconf 88' lang='lat' dir='ltr'>eumdem</span> 
     </span>
     <span class='ocr_line' id='line_1_23' title="bbox 1250 1277 1926 1325; baseline 0.003 -13"><span class='ocrx_word' id='word_1_100' title='bbox 1250 1291 1389 1312; x_wconf 84' lang='lat' dir='ltr'>sensum</span> <span class='ocrx_word' id='word_1_101' title='bbox 1409 1277 1605 1312; x_wconf 84' lang='lat' dir='ltr'>recidit.—</span> <span class='ocrx_word' id='word_1_102' title='bbox 1619 1280 1733 1312; x_wconf 82' lang='lat' dir='ltr'><em>Dentis</em></span> <span class='ocrx_word' id='word_1_103' title='bbox 1750 1281 1926 1325; x_wconf 68' lang='lat' dir='ltr'>Erythroel.</span> 
     </span>
     <span class='ocr_line' id='line_1_24' title="bbox 1251 1331 1928 1379; baseline 0.004 -15"><span class='ocrx_word' id='word_1_104' title='bbox 1251 1331 1327 1365; x_wconf 87' lang='lat' dir='ltr'>Hoc</span> <span class='ocrx_word' id='word_1_105' title='bbox 1355 1339 1424 1369; x_wconf 88' lang='lat' dir='ltr'>est,</span> <span class='ocrx_word' id='word_1_106' title='bbox 1455 1331 1722 1378; x_wconf 84' lang='lat' dir='ltr'>elephantorum</span> <span class='ocrx_word' id='word_1_107' title='bbox 1736 1358 1746 1375; x_wconf 81' lang='lat'><strong>‚</strong></span> <span class='ocrx_word' id='word_1_108' title='bbox 1769 1333 1828 1379; x_wconf 88' lang='lat' dir='ltr'>qui</span> <span class='ocrx_word' id='word_1_109' title='bbox 1848 1342 1928 1367; x_wconf 80' lang='lat' dir='ltr'>suut</span> 
     </span>
     <span class='ocr_line' id='line_1_25' title="bbox 1252 1383 1926 1430; baseline 0.004 -13"><span class='ocrx_word' id='word_1_110' title='bbox 1252 1383 1296 1418; x_wconf 88' lang='lat' dir='ltr'>ad</span> <span class='ocrx_word' id='word_1_111' title='bbox 1317 1397 1411 1418; x_wconf 85' lang='lat' dir='ltr'>mare</span> <span class='ocrx_word' id='word_1_112' title='bbox 1427 1385 1650 1430; x_wconf 75' lang='lat' dir='ltr'>Erythraeum</span> <span class='ocrx_word' id='word_1_113' title='bbox 1669 1398 1729 1419; x_wconf 91' lang='lat' dir='ltr'>seu</span> <span class='ocrx_word' id='word_1_114' title='bbox 1752 1387 1926 1420; x_wconf 84' lang='lat' dir='ltr'>Rubrum.</span> 
     </span>
     <span class='ocr_line' id='line_1_26' title="bbox 1251 1438 1929 1481; baseline 0.007 -12"><span class='ocrx_word' id='word_1_115' title='bbox 1251 1459 1302 1464; x_wconf 79' lang='lat'>—-</span> <span class='ocrx_word' id='word_1_116' title='bbox 1325 1438 1487 1471; x_wconf 68' lang='lat' dir='ltr'>Removete</span> <span class='ocrx_word' id='word_1_117' title='bbox 1518 1441 1614 1472; x_wconf 70' lang='lat' dir='ltr'>sium.</span> <span class='ocrx_word' id='word_1_118' title='bbox 1647 1438 1790 1473; x_wconf 89' lang='lat' dir='ltr'>Scilicet</span> <span class='ocrx_word' id='word_1_119' title='bbox 1820 1440 1929 1481; x_wconf 79' lang='lat' dir='ltr'>retia,</span> 
     </span>
     <span class='ocr_line' id='line_1_27' title="bbox 1251 1491 1926 1538; baseline 0.004 -15"><span class='ocrx_word' id='word_1_120' title='bbox 1251 1491 1380 1536; x_wconf 85' lang='lat' dir='ltr'>quibus</span> <span class='ocrx_word' id='word_1_121' title='bbox 1416 1503 1486 1524; x_wconf 88' lang='lat' dir='ltr'>non</span> <span class='ocrx_word' id='word_1_122' title='bbox 1517 1500 1590 1524; x_wconf 78' lang='lat' dir='ltr'>erat</span> <span class='ocrx_word' id='word_1_123' title='bbox 1626 1505 1713 1538; x_wconf 84' lang='lat' dir='ltr'>opus</span> <span class='ocrx_word' id='word_1_124' title='bbox 1751 1491 1794 1526; x_wconf 87' lang='lat' dir='ltr'>ad</span> <span class='ocrx_word' id='word_1_125' title='bbox 1821 1505 1926 1526; x_wconf 79' lang='lat' dir='ltr'>vena·</span> 
     </span>
     <span class='ocr_line' id='line_1_28' title="bbox 1252 1544 1624 1590; baseline 0.003 -14"><span class='ocrx_word' id='word_1_126' title='bbox 1252 1544 1383 1577; x_wconf 79' lang='lat' dir='ltr'>tionem</span> <span class='ocrx_word' id='word_1_127' title='bbox 1404 1557 1624 1590; x_wconf 78' lang='lat' dir='ltr'>onagrorum.</span> 
     </span>
    </p>
   </div>
   <div class='ocr_carea' id='block_1_9' title="bbox 1168 1678 1271 1735">
    <p class='ocr_par' dir='ltr' id='par_1_10' title="bbox 1168 1678 1271 1735">
     <span class='ocr_line' id='line_1_29' title="bbox 1168 1678 1271 1735; baseline -0.019 0"><span class='ocrx_word' id='word_1_128' title='bbox 1168 1678 1271 1735; x_wconf 90' lang='lat' dir='ltr'>CI.</span> 
     </span>
    </p>
   </div>
   <div class='ocr_carea' id='block_1_10' title="bbox 877 1814 1568 1864">
    <p class='ocr_par' dir='ltr' id='par_1_11' title="bbox 877 1814 1568 1864">
     <span class='ocr_line' id='line_1_30' title="bbox 877 1814 1568 1864; baseline -0.003 0"><span class='ocrx_word' id='word_1_129' title='bbox 877 1835 1075 1864; x_wconf 72' lang='lat' dir='ltr'><strong>OLEUM</strong></span> <span class='ocrx_word' id='word_1_130' title='bbox 1124 1814 1568 1864; x_wconf 50' lang='lat' dir='ltr'>VFNAFRANUMf</span> 
     </span>
    </p>
   </div>
   <div class='ocr_carea' id='block_1_11' title="bbox 580 1959 1682 2091">
    <p class='ocr_par' dir='ltr' id='par_1_12' title="bbox 580 1959 1682 2091">
     <span class='ocr_line' id='line_1_31' title="bbox 580 1959 1609 2021; baseline -0.002 -17"><span class='ocrx_word' id='word_1_131' title='bbox 580 1964 682 2006; x_wconf 83' lang='lat' dir='ltr'>Hoc</span> <span class='ocrx_word' id='word_1_132' title='bbox 713 1961 791 2004; x_wconf 83' lang='lat' dir='ltr'>tibi</span> <span class='ocrx_word' id='word_1_133' title='bbox 823 1961 1036 2021; x_wconf 82' lang='lat' dir='ltr'>Campani</span> <span class='ocrx_word' id='word_1_134' title='bbox 1070 1959 1243 2003; x_wconf 77' lang='lat' dir='ltr'>sudavit</span> <span class='ocrx_word' id='word_1_135' title='bbox 1267 1959 1402 2003; x_wconf 84' lang='lat' dir='ltr'>bacca</span> <span class='ocrx_word' id='word_1_136' title='bbox 1429 1959 1609 2003; x_wconf 77' lang='lat' dir='ltr'>Venafri</span> 
     </span>
     <span class='ocr_line' id='line_1_32' title="bbox 650 2029 1682 2091; baseline -0.003 -16"><span class='ocrx_word' id='word_1_137' title='bbox 650 2033 935 2091; x_wconf 83' lang='lat' dir='ltr'>Unguentum</span> <span class='ocrx_word' id='word_1_138' title='bbox 953 2066 963 2086; x_wconf 81' lang='lat'>,</span> <span class='ocrx_word' id='word_1_139' title='bbox 990 2031 1158 2090; x_wconf 86' lang='lat' dir='ltr'>quoties</span> <span class='ocrx_word' id='word_1_140' title='bbox 1188 2031 1345 2084; x_wconf 84' lang='lat' dir='ltr'>sumis,</span> <span class='ocrx_word' id='word_1_141' title='bbox 1376 2039 1418 2073; x_wconf 85' lang='lat' dir='ltr'>et</span> <span class='ocrx_word' id='word_1_142' title='bbox 1445 2029 1557 2073; x_wconf 84' lang='lat' dir='ltr'>istud</span> <span class='ocrx_word' id='word_1_143' title='bbox 1584 2029 1682 2074; x_wconf 79' lang='lat' dir='ltr'>olet.</span> 
     </span>
    </p>
   </div>
   <div class='ocr_carea' id='block_1_12' title="bbox 579 2166 1677 2301">
    <p class='ocr_par' dir='ltr' id='par_1_13' title="bbox 579 2166 1677 2301">
     <span class='ocr_line' id='line_1_33' title="bbox 579 2166 1677 2231; baseline -0.001 -18"><span class='ocrx_word' id='word_1_144' title='bbox 579 2174 807 2231; x_wconf 71' lang='grc' dir='ltr'>Καμπανοῦ</span> <span class='ocrx_word' id='word_1_145' title='bbox 833 2166 930 2214; x_wconf 74' lang='grc' dir='ltr'>τόδε</span> <span class='ocrx_word' id='word_1_146' title='bbox 961 2172 1021 2214; x_wconf 83' lang='grc' dir='ltr'>σοὶ</span> <span class='ocrx_word' id='word_1_147' title='bbox 1052 2171 1242 2213; x_wconf 80' lang='grc' dir='ltr'>στιλπνὸν</span> <span class='ocrx_word' id='word_1_148' title='bbox 1273 2171 1449 2231; x_wconf 80' lang='grc' dir='ltr'>γέννημα</span> <span class='ocrx_word' id='word_1_149' title='bbox 1476 2170 1677 2230; x_wconf 82' lang='grc' dir='ltr'>Βενοίφρου</span> 
     </span>
     <span class='ocr_line' id='line_1_34' title="bbox 650 2234 1606 2301; baseline -0.002 -17"><span class='ocrx_word' id='word_1_150' title='bbox 650 2238 778 2292; x_wconf 79' lang='grc' dir='ltr'>Στάξε</span> <span class='ocrx_word' id='word_1_151' title='bbox 806 2240 947 2297; x_wconf 80' lang='grc' dir='ltr'>λίπος,</span> <span class='ocrx_word' id='word_1_152' title='bbox 971 2242 1039 2284; x_wconf 83' lang='grc' dir='ltr'>καί</span> <span class='ocrx_word' id='word_1_153' title='bbox 1063 2258 1125 2284; x_wconf 80' lang='grc' dir='ltr'>σοι</span> <span class='ocrx_word' id='word_1_154' title='bbox 1149 2247 1279 2301; x_wconf 77' lang='grc' dir='ltr'>γεῦσις</span> <span class='ocrx_word' id='word_1_155' title='bbox 1309 2234 1438 2284; x_wconf 74' lang='grc' dir='ltr'>ὄδωδε</span> <span class='ocrx_word' id='word_1_156' title='bbox 1467 2242 1606 2300; x_wconf 83' lang='grc' dir='ltr'>μύρου.</span> 
     </span>
    </p>
   </div>
   <div class='ocr_carea' id='block_1_13' title="bbox 504 2378 1183 2685">
    <p class='ocr_par' dir='ltr' id='par_1_14' title="bbox 507 2378 1183 2476">
     <span class='ocr_line' id='line_1_35' title="bbox 560 2378 1183 2425; baseline -0.003 -11"><span class='ocrx_word' id='word_1_157' title='bbox 560 2378 574 2392; x_wconf 66' lang='lat'>*‘</span> <span class='ocrx_word' id='word_1_158' title='bbox 588 2381 663 2414; x_wconf 85' lang='lat' dir='ltr'>Hoc</span> <span class='ocrx_word' id='word_1_159' title='bbox 679 2393 734 2425; x_wconf 82' lang='lat' dir='ltr'>ep.</span> <span class='ocrx_word' id='word_1_160' title='bbox 751 2388 831 2425; x_wconf 87' lang='lat' dir='ltr'>post</span> <span class='ocrx_word' id='word_1_161' title='bbox 850 2391 903 2424; x_wconf 85' lang='lat' dir='ltr'>ep.</span> <span class='ocrx_word' id='word_1_162' title='bbox 924 2391 1023 2412; x_wconf 81' lang='lat' dir='ltr'>xcvn</span> <span class='ocrx_word' id='word_1_163' title='bbox 1040 2379 1183 2423; x_wconf 84' lang='lat' dir='ltr'>ponitur</span> 
     </span>
     <span class='ocr_line' id='line_1_36' title="bbox 507 2431 1127 2476; baseline -0.01 -7"><span class='ocrx_word' id='word_1_164' title='bbox 507 2436 543 2469; x_wconf 78' lang='lat' dir='ltr'>in</span> <span class='ocrx_word' id='word_1_165' title='bbox 561 2433 642 2469; x_wconf 77' lang='lat' dir='ltr'>edd.</span> <span class='ocrx_word' id='word_1_166' title='bbox 661 2441 744 2466; x_wconf 76' lang='lat' dir='ltr'>vett.</span> <span class='ocrx_word' id='word_1_167' title='bbox 766 2440 800 2465; x_wconf 86' lang='lat' dir='ltr'>et</span> <span class='ocrx_word' id='word_1_168' title='bbox 820 2431 944 2476; x_wconf 80' lang='lat' dir='ltr'>Delph.</span> <span class='ocrx_word' id='word_1_169' title='bbox 971 2440 1003 2464; x_wconf 88' lang='lat' dir='ltr'>et</span> <span class='ocrx_word' id='word_1_170' title='bbox 1027 2431 1127 2464; x_wconf 76' lang='lat' dir='ltr'>Burb.</span> 
     </span>
    </p>

    <p class='ocr_par' dir='ltr' id='par_1_15' title="bbox 504 2484 1182 2685">
     <span class='ocr_line' id='line_1_37' title="bbox 566 2484 1182 2530; baseline -0.006 -9"><span class='ocrx_word' id='word_1_171' title='bbox 566 2500 594 2521; x_wconf 92' lang='lat'>1.</span> <span class='ocrx_word' id='word_1_172' title='bbox 618 2487 690 2520; x_wconf 87' lang='lat' dir='ltr'>Hoc</span> <span class='ocrx_word' id='word_1_173' title='bbox 709 2485 775 2518; x_wconf 81' lang='lat' dir='ltr'><em>tihi.</em></span> <span class='ocrx_word' id='word_1_174' title='bbox 795 2486 847 2518; x_wconf 93' lang='lat' dir='ltr'>De</span> <span class='ocrx_word' id='word_1_175' title='bbox 859 2485 1014 2518; x_wconf 85' lang='lat' dir='ltr'>Venafro</span> <span class='ocrx_word' id='word_1_176' title='bbox 1035 2484 1182 2530; x_wconf 81' lang='lat' dir='ltr'>Campa-</span> 
     </span>
     <span class='ocr_line' id='line_1_38' title="bbox 506 2538 1182 2586; baseline -0.006 -12"><span class='ocrx_word' id='word_1_177' title='bbox 506 2542 573 2574; x_wconf 82' lang='lat' dir='ltr'>niae</span> <span class='ocrx_word' id='word_1_178' title='bbox 591 2552 674 2586; x_wconf 83' lang='lat' dir='ltr'>agro</span> <span class='ocrx_word' id='word_1_179' title='bbox 688 2565 698 2581; x_wconf 90' lang='lat'>,</span> <span class='ocrx_word' id='word_1_180' title='bbox 714 2539 774 2572; x_wconf 89' lang='lat' dir='ltr'>uhi</span> <span class='ocrx_word' id='word_1_181' title='bbox 792 2538 1082 2584; x_wconf 77' lang='lat' dir='ltr'>praestantissimae</span> <span class='ocrx_word' id='word_1_182' title='bbox 1101 2545 1182 2570; x_wconf 84' lang='lat' dir='ltr'>sunt</span> 
     </span>
     <span class='ocr_line' id='line_1_39' title="bbox 505 2590 1179 2638; baseline -0.007 -11"><span class='ocrx_word' id='word_1_183' title='bbox 505 2594 625 2635; x_wconf 83' lang='lat' dir='ltr'>olivae,</span> <span class='ocrx_word' id='word_1_184' title='bbox 648 2592 782 2638; x_wconf 86' lang='lat' dir='ltr'>egimus</span> <span class='ocrx_word' id='word_1_185' title='bbox 802 2593 874 2637; x_wconf 86' lang='lat' dir='ltr'>jam</span> <span class='ocrx_word' id='word_1_186' title='bbox 895 2590 955 2624; x_wconf 86' lang='lat' dir='ltr'>lib.</span> <span class='ocrx_word' id='word_1_187' title='bbox 979 2591 1051 2627; x_wconf 89' lang='lat' dir='ltr'>XI,</span> <span class='ocrx_word' id='word_1_188' title='bbox 1073 2590 1179 2636; x_wconf 75' lang='lat' dir='ltr'>epigr.</span> 
     </span>
     <span class='ocr_line' id='line_1_40' title="bbox 504 2643 1048 2685; baseline -0.006 -5"><span class='ocrx_word' id='word_1_189' title='bbox 504 2659 599 2680; x_wconf 66' lang='lat' dir='ltr'>Lxu‘.</span> <span class='ocrx_word' id='word_1_190' title='bbox 618 2661 668 2668; x_wconf 94' lang='lat'>--</span> <span class='ocrx_word' id='word_1_191' title='bbox 687 2646 794 2679; x_wconf 75' lang='lat' dir='ltr'><strong><em>Bacca</em></strong></span> <span class='ocrx_word' id='word_1_192' title='bbox 810 2672 817 2685; x_wconf 86' lang='lat'><strong><em>,</em></strong></span> <span class='ocrx_word' id='word_1_193' title='bbox 841 2644 875 2678; x_wconf 90' lang='lat' dir='ltr'>h.</span> <span class='ocrx_word' id='word_1_194' title='bbox 898 2656 926 2677; x_wconf 86' lang='lat' dir='ltr'>e.</span> <span class='ocrx_word' id='word_1_195' title='bbox 945 2643 1048 2677; x_wconf 75' lang='lat' dir='ltr'>oliva.</span> 
     </span>
    </p>
   </div>
   <div class='ocr_carea' id='block_1_14' title="bbox 1241 2377 1923 2688">
    <p class='ocr_par' dir='ltr' id='par_1_16' title="bbox 1241 2377 1923 2688">
     <span class='ocr_line' id='line_1_41' title="bbox 1301 2377 1920 2412; baseline 0.003 -3"><span class='ocrx_word' id='word_1_196' title='bbox 1301 2392 1331 2410; x_wconf 85' lang='lat'>2.</span> <span class='ocrx_word' id='word_1_197' title='bbox 1355 2379 1403 2410; x_wconf 78' lang='lat' dir='ltr'>Et</span> <span class='ocrx_word' id='word_1_198' title='bbox 1430 2378 1517 2410; x_wconf 70' lang='lat' dir='ltr'>istud</span> <span class='ocrx_word' id='word_1_199' title='bbox 1536 2378 1607 2410; x_wconf 79' lang='lat' dir='ltr'>olet.</span> <span class='ocrx_word' id='word_1_200' title='bbox 1634 2377 1710 2411; x_wconf 81' lang='lat' dir='ltr'>Oles</span> <span class='ocrx_word' id='word_1_201' title='bbox 1735 2385 1819 2411; x_wconf 79' lang='lat' dir='ltr'>vett.</span> <span class='ocrx_word' id='word_1_202' title='bbox 1841 2377 1920 2412; x_wconf 85' lang='lat' dir='ltr'>edd.</span> 
     </span>
     <span class='ocr_line' id='line_1_42' title="bbox 1243 2429 1923 2464; baseline 0 0"><span class='ocrx_word' id='word_1_203' title='bbox 1243 2431 1399 2464; x_wconf 86' lang='lat' dir='ltr'>habuere</span> <span class='ocrx_word' id='word_1_204' title='bbox 1428 2439 1462 2463; x_wconf 87' lang='lat' dir='ltr'>et</span> <span class='ocrx_word' id='word_1_205' title='bbox 1488 2429 1656 2464; x_wconf 77' lang='lat' dir='ltr'>Raderus.</span> <span class='ocrx_word' id='word_1_206' title='bbox 1669 2451 1720 2457; x_wconf 90' lang='lat'>—</span> <span class='ocrx_word' id='word_1_207' title='bbox 1732 2431 1817 2464; x_wconf 81' lang='lat' dir='ltr'><em>Olet.</em></span> <span class='ocrx_word' id='word_1_208' title='bbox 1836 2431 1923 2464; x_wconf 88' lang='lat' dir='ltr'>Vult</span> 
     </span>
     <span class='ocr_line' id='line_1_43' title="bbox 1243 2481 1921 2529; baseline 0 -12"><span class='ocrx_word' id='word_1_209' title='bbox 1243 2484 1334 2517; x_wconf 82' lang='lat' dir='ltr'>enim</span> <span class='ocrx_word' id='word_1_210' title='bbox 1359 2481 1503 2516; x_wconf 80' lang='lat' dir='ltr'>odorem</span> <span class='ocrx_word' id='word_1_211' title='bbox 1525 2483 1590 2529; x_wconf 84' lang='lat' dir='ltr'>ipsi</span> <span class='ocrx_word' id='word_1_212' title='bbox 1611 2483 1714 2517; x_wconf 85' lang='lat' dir='ltr'>etiam</span> <span class='ocrx_word' id='word_1_213' title='bbox 1733 2483 1810 2517; x_wconf 84' lang='lat' dir='ltr'>oleo</span> <span class='ocrx_word' id='word_1_214' title='bbox 1822 2509 1830 2525; x_wconf 94' lang='lat'><strong>‚</strong></span> <span class='ocrx_word' id='word_1_215' title='bbox 1847 2496 1921 2529; x_wconf 19' lang='lat' dir='ltr'>*non</span> 
     </span>
     <span class='ocr_line' id='line_1_44' title="bbox 1241 2535 1921 2582; baseline 0 -13"><span class='ocrx_word' id='word_1_216' title='bbox 1241 2536 1297 2570; x_wconf 91' lang='lat' dir='ltr'>his</span> <span class='ocrx_word' id='word_1_217' title='bbox 1316 2544 1469 2577; x_wconf 74' lang='lat' dir='ltr'>tantum,</span> <span class='ocrx_word' id='word_1_218' title='bbox 1492 2549 1570 2582; x_wconf 83' lang='lat' dir='ltr'>quae</span> <span class='ocrx_word' id='word_1_219' title='bbox 1592 2537 1669 2570; x_wconf 89' lang='lat' dir='ltr'>oleo</span> <span class='ocrx_word' id='word_1_220' title='bbox 1688 2535 1921 2578; x_wconf 82' lang='lat' dir='ltr'>condiuntur,</span> 
     </span>
     <span class='ocr_line' id='line_1_45' title="bbox 1243 2588 1918 2634; baseline 0 -12"><span class='ocrx_word' id='word_1_221' title='bbox 1243 2588 1374 2622; x_wconf 75' lang='lat' dir='ltr'>deberi.</span> <span class='ocrx_word' id='word_1_222' title='bbox 1387 2588 1478 2623; x_wconf 86' lang='lat' dir='ltr'>Vide</span> <span class='ocrx_word' id='word_1_223' title='bbox 1495 2589 1649 2623; x_wconf 87' lang='lat' dir='ltr'>Plinium</span> <span class='ocrx_word' id='word_1_224' title='bbox 1667 2589 1727 2623; x_wconf 87' lang='lat' dir='ltr'><strong>lib.</strong></span> <span class='ocrx_word' id='word_1_225' title='bbox 1748 2589 1828 2631; x_wconf 88' lang='lat' dir='ltr'>XV,</span> <span class='ocrx_word' id='word_1_226' title='bbox 1843 2601 1918 2634; x_wconf 87' lang='lat' dir='ltr'>cap.</span> 
     </span>
     <span class='ocr_line' id='line_1_46' title="bbox 1247 2641 1917 2688; baseline -0.001 -13"><span class='ocrx_word' id='word_1_227' title='bbox 1247 2655 1258 2675; x_wconf 81' lang='grc' dir='ltr'><strong>ι</strong></span> <span class='ocrx_word' id='word_1_228' title='bbox 1272 2642 1471 2676; x_wconf 72' lang='lat' dir='ltr'>1.—Sumis.</span> <span class='ocrx_word' id='word_1_229' title='bbox 1492 2641 1544 2675; x_wconf 81' lang='lat' dir='ltr'>Ad</span> <span class='ocrx_word' id='word_1_230' title='bbox 1564 2641 1765 2688; x_wconf 83' lang='lat' dir='ltr'>ungendum</span> <span class='ocrx_word' id='word_1_231' title='bbox 1781 2654 1917 2687; x_wconf 84' lang='lat' dir='ltr'>corpus.</span> 
     </span>
    </p>
   </div>
  </div>
 </body>
</html>
