2044 3292
492 195 551 248 44

867 194 927 236 Μ.
957 194 1094 236 VAL.
1136 193 1531 236 MARTIALIS

1168 343 1232 399 L.

743 499 790 526 IN
834 498 865 525 11
884 499 1130 527 ABENTEM

563 627 884 678 DAPHNONAs,
917 621 1198 683 platanonas,

1638 476 1657 494 *—

1174 498 1418 526 AMOENAS
1456 498 1610 526 AEDES.

1229 632 1272 666 et
1303 623 1440 666 aerias
1471 624 1735 683 cyparissos,

632 696 688 737 Et
717 710 806 738 non
840 695 967 737 unius
997 692 1151 737 balnea
1183 693 1298 737 solus
1329 693 1490 746 habes;

562 767 616 809 Et
644 764 723 807 tibi
747 765 940 808 centenis
965 774 1049 808 stat
1074 765 1268 825 porticus
1293 763 1376 808 alta
1400 763 1636 815 columnis,

632 834 923 895 Calcatusque
949 845 1025 879 tuo
1052 836 1133 879 sub
1157 835 1267 896 pede
1292 835 1406 879 lucet
1430 851 1566 896 onyx;

564 904 912 966 Pulvereumque
939 905 1070 967 fugax
1098 905 1422 967 hippodromon
1450 904 1612 966 ungula
1639 904 1827 965 plaudit,

631 978 689 1020 Et
719 977 942 1037 pereuntis
967 994 1087 1037 aquae
1114 976 1271 1020 fluctus
1297 977 1458 1037 ubique
1486 985 1624 1020 sonat.

567 1048 684 1090 Atria
714 1047 841 1108 longa
874 1057 1023 1108 patent
1048 1064 1055 1090 2
1081 1047 1156 1091 sed
1180 1064 1260 1091 nec
1287 1047 1561 1091 coenantibus
1587 1062 1798 1107 usquam,

632 1119 726 1162 Nec
757 1135 911 1162 somno
943 1118 1063 1162 locus
1095 1128 1160 1162 est
1187 1136 1194 1160 :
1223 1134 1354 1178 quam
1385 1118 1496 1161 benc
1524 1134 1611 1160 non
1637 1113 1829 1160 habitas!

551 1257 565 1271 *
587 1258 762 1303 Sapientis
787 1271 859 1292 esse
879 1259 1082 1302 architecti,
1104 1272 1174 1291 non

496 1312 670 1357 elegantes
697 1320 856 1354 tantuin,
885 1311 947 1346 sed
975 1310 1176 1345 commodas

499 1364 588 1399 aedes
606 1377 750 1410 parare,
769 1364 882 1398 docet.

557 1431 570 1451 1
581 1445 587 1450 .
598 1419 715 1451 Aerias
725 1419 870 1465 plzyonas
881 1419 950 1452 Bev
956 1417 1090 1452 erlandi
1103 1417 1176 1451 MS.

498 1472 577 1518 Ipse
606 1480 722 1505 tamen
754 1471 869 1517 legere
899 1472 976 1505 vult
1001 1474 1151 1518 pityonas
1169 1498 1176 1510 ,

500 1523 596 1570 quod
627 1534 715 1558 esset
742 1525 817 1558 loca
844 1525 977 1559 consita
1005 1525 1099 1570 pinis
1116 1551 1125 1565 ‚
1162 1537 1179 1557 a

500 1578 624 1611 Graeco
641 1578 735 1617 πίτυς
748 1603 757 1619 ,
774 1578 890 1623 pinus.
904 1579 1158 1624 —Daplmonas
1170 1604 1178 1617 ,

501 1639 564 1664 cte.
580 1631 701 1665 Graeca
720 1643 790 1664 vox
809 1644 886 1677 quae
899 1632 1032 1664 laureta
1049 1630 1182 1676 signifi-

501 1692 567 1717 cat.
585 1683 662 1717 Lib.
679 1684 731 1725 X,
747 1685 856 1729 epigr.
878 1697 997 1725 Lxx1x‚
1011 1684 1182 1718 5.—Pla-

503 1746 647 1770 tanonas.
668 1737 833 1771 Consitos
859 1750 999 1783 campos
1021 1737 1182 1784 platanis.

503 1790 587 1824 Vid.
611 1789 654 1823 ad
668 1790 730 1824 lib.
747 1791 822 1831 III,
842 1791 953 1837 epigr.
974 1804 1054 1831 xrx,
1081 1805 1112 1824 2.
1133 1812 1184 1816 -—

503 1844 617 1878 Nullae
635 1856 719 1877 vero
746 1845 886 1878 arbores
905 1844 1124 1890 frequentius
1146 1844 1185 1876 in

504 1898 719 1942 optimatum
744 1897 835 1930 villis
855 1906 889 1931 et
910 1898 1054 1931 urbanis
1073 1898 1186 1930 hortis

504 1949 787 1996 disponebantur
801 1963 906 1996 quam
922 1951 1012 1984 lauri
1029 1959 1062 1983 et
1080 1951 1187 1995 plata·

505 2004 560 2044 ni,
574 2004 627 2037 hae
650 2002 793 2048 quidem
816 2005 951 2037 umbrae
968 2003 1078 2048 gratia
1091 2030 1100 2044 ,
1119 2003 1187 2036 illae

505 2057 551 2090 ob
562 2056 723 2090 eximiam
736 2055 1036 2102 pulchritudinem
1048 2065 1082 2090 et
1092 2065 1187 2090 neter-

507 2123 593 2143 num
609 2110 761 2143 virentes
778 2122 910 2146 ramos,
930 2118 964 2143 et
983 2122 1059 2155 quae
1075 2109 1116 2142 iis
1131 2123 1185 2143 re-

507 2164 571 2196 bus
592 2163 697 2208 vulgo
727 2163 992 2208 conjungimus,
1023 2162 1187 2208 gloriam,

507 2216 821 2250 immortalitatem.
834 2216 999 2250 Horatius
1010 2228 1096 2249 vero
1105 2242 1114 2258 ‚
1124 2216 1186 2249 lib.

507 2270 561 2311 II,
577 2269 635 2303 od.
649 2282 705 2309 xv,
727 2273 745 2310 4
766 2281 773 2302 :
791 2270 1047 2316 «platanusque
1065 2270 1188 2303 caelebs

508 2323 656 2356 Evincet
670 2323 801 2355 ulmos.
815 2350 822 2356 .
835 2349 842 2356 .
854 2323 948 2356 Tum
959 2323 1066 2368 spissa
1082 2323 1187 2356 ramis

509 2377 628 2410 laurea
663 2374 816 2409 fervidos
846 2374 1019 2409 Excludet
1048 2376 1148 2410 ictus.
1171 2392 1184 2405 ω

565 2443 599 2463 2.
617 2430 650 2463 E
653 2438 666 2461 t
688 2442 748 2463 non
770 2431 873 2463 ιιηίιις.
892 2430 980 2463 Tam
999 2429 1094 2462 enim
1117 2441 1189 2462 am-

511 2484 566 2528 pla
600 2491 701 2526 sunt,
735 2491 774 2516 ut
807 2482 911 2517 etiam
945 2482 1087 2528 publica
1119 2481 1191 2517 dici

515 2536 661 2581 possint.

1291 1259 1323 1291 3.
1337 1259 1385 1291 Et
1407 1267 1460 1291 tua
1483 1257 1562 1291 edd.
1580 1265 1663 1291 vett.
1681 1257 1920 1289 -Revocant

1236 1312 1310 1345 haec
1339 1313 1443 1345 verba
1463 1310 1677 1344 Ovidianum
1704 1309 1791 1342 illud
1806 1335 1814 1350 ,
1833 1309 1917 1342 Met.

1238 1366 1273 1397 II
1287 1391 1295 1406 ,
1315 1377 1327 1397 1
1345 1377 1351 1397 :
1371 1364 1497 1410 uRegia
1512 1363 1602 1398 Solis
1619 1371 1690 1397 erat
1709 1362 1921 1396 sublimibus

1240 1418 1305 1451 alta
1329 1418 1516 1451 columnis.
1540 1435 1552 1446 n

1295 1476 1330 1512 4.
1367 1471 1475 1517 Ouyx.
1510 1470 1617 1516 Lapis
1657 1469 1785 1502 nobilis
1805 1494 1814 1509 ,
1852 1481 1921 1514 quo

1241 1533 1345 1558 strata
1380 1533 1453 1557 erat
1481 1523 1618 1557 domus.
1653 1521 1759 1564 Quod
1791 1522 1922 1555 Gallice

1241 1576 1489 1618 redderemus,
1513 1578 1581 1609 Ton
1597 1577 1676 1621 pied
1692 1576 1821 1620 supet-be
1831 1575 1924 1618 soule

1243 1633 1275 1664 la
1295 1635 1454 1677 mosai'que
1473 1630 1670 1662 e'tt'ncelante.
1686 1630 1752 1661 En.

1300 1684 1317 1718 5
1327 1711 1334 1718 .
1349 1684 1605 1729 Ilimmdromon.
1623 1683 1703 1715 'Vox
1718 1690 1769 1715 est
1785 1681 1905 1714 Graeca
1915 1706 1924 1722 ,

1245 1750 1321 1783 quae
1341 1737 1513 1782 significat
1536 1736 1687 1782 spatium
1718 1735 1755 1768 in
1783 1747 1854 1780 quo
1879 1732 1924 1767 de

1246 1803 1417 1836 equorum
1441 1789 1617 1824 celeritate
1640 1789 1847 1822 certabatur.
1861 1788 1926 1820 Ve-

1246 1844 1288 1877 lis
1309 1842 1478 1876 adnotare
1501 1841 1590 1888 quid
1612 1842 1738 1875 habeat
1757 1839 1870 1874 vividi
1893 1848 1927 1873 et

1246 1905 1409 1931 naturam
1435 1896 1603 1930 imitantis
1623 1907 1743 1928 versus
1765 1901 1926 1928 constru-

1247 1951 1329 1984 ctio.

1302 2006 1321 2035 (3
1330 2030 1337 2037 .
1347 2003 1382 2036 E
1385 2011 1397 2034 t
1405 2003 1565 2048 pereuntis
1578 2015 1681 2046 aquas·
1695 2000 1862 2034 Fontium
1878 2012 1929 2033 ar-

1247 2055 1353 2089 tificia
1376 2055 1412 2088 in
1432 2055 1489 2088 illa
1509 2053 1616 2088 domo
1638 2054 1742 2088 fuisse
1765 2052 1928 2087 amoenis·

1247 2109 1334 2143 sima
1361 2108 1528 2154 intellige.

1303 2163 1338 2196 8.
1365 2162 1469 2205 Quam
1499 2161 1573 2193 bene
1609 2173 1671 2193 non
1698 2159 1832 2193 habitas.
1861 2158 1928 2193 Cui

1250 2216 1341 2249 iuter
1375 2215 1450 2248 haec
1479 2214 1598 2247 omnia
1632 2213 1780 2247 coenatio
1810 2211 1905 2245 nulla
1921 2237 1930 2253 ,

1250 2269 1452 2302 cubiculum
1476 2267 1626 2300 nullum.
1649 2264 1746 2307 Quid
1766 2278 1848 2311 ergo
1868 2266 1930 2298 ab·

1249 2321 1390 2355 surdius
1403 2347 1412 2364 ‚
1446 2333 1549 2366 quam
1582 2321 1618 2352 in
1656 2318 1868 2365 amplissima
1897 2325 1931 2351 et

1250 2374 1423 2408 ditissima
1435 2373 1558 2412 domo,
1575 2371 1710 2405 nullum
1726 2384 1798 2406 esse
1813 2372 1929 2405 locum

1252 2426 1429 2467 coenandi,
1450 2427 1588 2460 nullum
1611 2423 1930 2470 dormiendi,quo-

1251 2493 1331 2514 rum
1349 2492 1465 2516 caussa
1480 2479 1699 2525 potissimum
1716 2477 1805 2512 oedes
1823 2476 1931 2511 aedifi-

1254 2533 1402 2567 cantur?
1418 2533 1532 2566 [tader.
