2044 3292
482 253 546 282 20

860 237 921 280 M.
945 237 1088 280 VAL.
1128 236 1524 281 MARTIALIS

549 324 641 370 Nec
667 326 755 369 cito
781 323 939 368 ridebit
963 323 1182 385 peregrini
1210 322 1345 385 gloria
1374 333 1549 384 partus,

618 397 863 439 Romanam
892 394 1046 438 deceat
1074 410 1205 455 quam
1233 395 1371 455 magis
1401 411 1493 438 esse
1520 410 1693 438 nurum.

542 469 607 510 Tu
633 466 896 510 desiderium
922 465 1109 510 dominae
1131 465 1239 508 mihi
1261 465 1409 508 mitius
1432 464 1553 508 urhis

612 540 717 582 Esse
742 537 869 598 jubes
893 553 901 580 :
926 538 1115 582 Romam
1141 545 1189 579 tu
1213 535 1320 579 mihi
1346 534 1439 579 sola
1464 535 1580 579 facis.

529 666 548 698 7
559 679 566 686 .
580 654 647 686 Nec
657 654 732 686 cito.
741 650 917 697 «Legend.
929 663 970 684 ex
982 658 1051 683 vet.
1064 648 1157 682 libro

482 707 524 741 Te
539 708 614 747 cito,
631 713 696 739 etc.
713 705 758 738 Hi
772 717 855 739 vero
871 703 945 737 duo
964 715 1084 737 versus
1094 702 1158 735 mi-

474 759 523 793 ris
544 757 658 792 modis
682 758 766 791 olim
791 757 906 791 vexati
925 764 1019 790 sunt.
1038 773 1050 786 n
1078 756 1157 789 Flo-

473 814 588 846 sculns.
606 829 619 843 α
637 811 736 844 Nihil
764 810 822 844 hic
846 808 1061 843 mutandum
1083 809 1158 842 exi-

473 866 590 899 stimo.
632 864 810 898 Sententia
843 872 912 905 est,
951 862 1020 896 nisi
1054 861 1158 896 valde

473 919 596 952 fallor:
611 918 686 951 Nec
708 925 840 950 temere
859 917 952 950 ullus
969 916 1057 949 alius
1075 928 1156 960 par-

470 980 525 1005 tus
547 970 753 1017 peregrinus
782 969 868 1012 erit,
900 981 1005 1015 quem
1040 981 1157 1002 roma-

470 1038 556 1058 num
577 1023 768 1058 existimari
785 1023 893 1069 magis
916 1021 1050 1056 deceat.
1064 1022 1155 1055 Nam

469 1091 536 1123 pro
565 1078 664 1111 ducat
688 1077 802 1123 probo
829 1077 962 1115 deceat,
993 1074 1090 1120 quod
1118 1075 1154 1107 in

472 1139 557 1166 vett.
581 1131 667 1164 libb.
694 1147 708 1160 »
729 1130 904 1163 Her-aldus.
936 1130 1040 1163 Sicori
1066 1128 1157 1160 [lebet

469 1184 544 1218 MS.
564 1182 793 1226 Beverlandi,
813 1183 897 1228 qui,
915 1183 944 1216 I.
964 1196 992 1216 e.
1011 1181 1152 1221 debetur,

469 1237 518 1271 ait
533 1249 542 1271 :
565 1238 670 1271 «Non
690 1236 803 1270 Sicori
819 1263 828 1278 ‚
844 1235 960 1281 inquit
973 1261 982 1277 ,
1004 1234 1155 1268 debetur

471 1291 582 1336 gloria
598 1290 778 1336 peregrini
794 1297 936 1336 partus;
956 1288 1032 1334 ipse
1045 1288 1154 1333 siqui-

470 1343 552 1378 dem
582 1343 711 1378 Sicoris
742 1355 815 1376 non
848 1342 1067 1381 inficiabitur
1100 1349 1153 1381 te,

468 1397 610 1443 ingenio
637 1405 671 1430 et
696 1396 856 1430 moribus
881 1395 1036 1428 romanis
1063 1407 1152 1440 prae-

469 1449 580 1484 ditam
594 1476 603 1492 ‚
621 1451 816 1483 Romanam
835 1449 954 1496 potius
970 1460 1076 1494 quam
1094 1447 1155 1480 Hi-

469 1516 616 1550 spanam
635 1515 708 1537 esse
726 1501 925 1536 dicendam.
935 1501 1153 1535 »J.Vossius.

470 1557 578 1590 Irrito
592 1557 708 1602 itaque
726 1564 856 1590 conatu
874 1555 1036 1589 frivolam
1055 1567 1153 1588 suam

469 1609 609 1644 emend.
635 1610 758 1644 astruit
786 1608 939 1655 Scaliger
962 1608 999 1642 in
1025 1608 1152 1642 Catull.

1218 650 1332 682 LXII.
1352 650 1446 682 Dicet
1461 657 1490 681 te
1505 650 1645 683 J.Voss.
1665 657 1699 682 et
1721 649 1768 683 ita
1795 649 1868 683 MS.
1883 667 1896 679 ι»
1936 688 1942 693 ,

1217 703 1331 735 Ducat
1355 701 1434 736 edd.
1461 710 1547 736 vett.
1577 711 1611 736 et
1633 702 1781 737 Farnah.
1806 704 1900 735 Dice!

1217 769 1311 802 quum
1323 782 1332 796 ,
1349 763 1391 789 ut
1402 754 1558 798 videtur,
1569 754 1648 789 cod.
1663 756 1699 788 in
1716 766 1825 801 marg.
1846 755 1899 789 ed.

1217 809 1295 843 Par.
1322 809 1568 853 1617.—-Nec
1595 811 1669 843 cito.
1692 809 1798 841 Hunc
1824 822 1899 843 ver-

1216 875 1293 895 sum
1313 862 1363 895 sic
1381 862 1532 908 explicat
1549 874 1634 895 cum
1653 860 1810 896 Heraldo
1831 864 1898 895 Ra-

1215 914 1321 949 derus
1333 941 1344 956 .,
1368 915 1437 949 Nec
1459 916 1566 959 glot-ia
1582 917 1743 960 peregrini
1757 923 1870 960 partus
1890 929 1900 948 .-

1216 967 1257 1001 Id
1275 976 1343 1009 est,
1359 980 1424 1001 nec
1440 968 1511 1002 ulla
1529 969 1644 1014 puella
1661 976 1760 1002 extra
1768 969 1901 1002 Urbem

1214 1029 1395 1062 nascetur,
1417 1029 1452 1054 et
1479 1030 1559 1055 nata
1587 1021 1758 1055 arridebit
1784 1022 1897 1067 patri,

1215 1082 1274 1108 aut
1293 1075 1417 1115 matri,
1441 1086 1520 1119 quae
1547 1075 1656 1120 magis
1683 1074 1808 1108 debeat
1830 1075 1900 1108 exi-

1215 1127 1349 1162 stimari
1372 1128 1566 1160 Romanam
1584 1129 1638 1161 vel
1662 1128 1704 1160 ab
1727 1128 1810 1173 ipsis
1830 1129 1900 1161 Ro-

1214 1180 1348 1220 manis,
1367 1192 1473 1226 quam
1492 1188 1525 1213 te
1538 1207 1547 1222 ‚
1568 1193 1588 1213 0
1611 1180 1899 1226 l'lIarcella.Virg.

1213 1234 1336 1278 Eclog.
1350 1234 1415 1274 IV,
1430 1235 1509 1274 60‚1‹
1522 1234 1664 1280 Incipe,
1678 1246 1786 1279 parve
1798 1246 1901 1279 puer,

1214 1300 1288 1320 risu
1309 1299 1519 1331 cognoscere
1542 1296 1701 1320 matrem.
1723 1304 1736 1317 ι»

1268 1353 1302 1384 9.
1317 1340 1572 1380 Dominoeurbis,
1585 1341 1723 1382 Romae,
1732 1348 1773 1373 ut
1783 1348 1898 1385 patet,

1216 1406 1294 1439 quae
1315 1408 1328 1420 u
1345 1401 1517 1426 terrarum
1535 1394 1606 1426 Dea
1623 1393 1854 1439 gentiumque
1868 1411 1898 1427 ».

1213 1447 1300 1492 Sup.
1316 1446 1427 1492 epigr.
1448 1459 1537 1485 v111,
1558 1460 1610 1481 VS.
1638 1459 1668 1480 1.

1269 1512 1327 1533 10.
1338 1500 1469 1532 Romam
1480 1527 1489 1541 ,
1505 1508 1571 1534 etc.
1587 1500 1699 1533 Etiam
1725 1499 1818 1533 inter
1837 1512 1898 1545 po-

1212 1554 1350 1599 pulares
1377 1566 1494 1596 meos,
1518 1552 1662 1599 quando
1687 1562 1728 1586 tu
1758 1565 1896 1586 mecum

1212 1607 1432 1649 habitas‚me
1444 1608 1566 1640 Romae
1575 1619 1647 1641 esse
1662 1605 1750 1640 mihi
1763 1605 1898 1640 videor.

1076 1739 1290 1795 XXII.

961 1890 1030 1918 DE
1069 1889 1402 1919 PHILAENIDE.

611 1999 762 2056 QUAM
789 1999 844 2042 sit
865 1996 986 2041 lusca
1010 1995 1214 2040 Philaenis
1239 1994 1515 2051 indecenter,

609 2070 690 2113 Vis
715 2069 858 2112 dicam
882 2068 1075 2111 breviter
1101 2067 1203 2119 tibi,
1229 2064 1441 2110 Fabulle?

607 2142 736 2184 Esset
761 2155 876 2184 caeca
897 2138 1123 2183 decentior
1145 2135 1358 2181 Philaenis.

529 2276 559 2297 1.
578 2263 746 2296 Philaenis.
765 2263 817 2295 De
835 2261 901 2295 hac
918 2260 1064 2294 muliere
1082 2261 1153 2304 jam

471 2329 562 2363 saepe
577 2316 767 2358 Martialis,
780 2327 896 2361 neque
913 2325 1074 2359 unquam
1089 2313 1152 2346 bo-

469 2382 551 2403 nam
578 2370 615 2403 in
640 2376 788 2415 partem.
811 2368 901 2402 Nam
920 2365 1096 2413 quidquid
1122 2366 1154 2399 ei

470 2423 584 2458 inerat
604 2422 681 2457 vitii
700 2421 904 2456 tetrasticho
923 2421 991 2454 hoc
1010 2421 1156 2465 conjun-

466 2485 521 2511 cta
536 2490 578 2511 ex
591 2484 763 2523 presserat
777 2471 852 2515 (lib.
867 2475 920 2515 II,
935 2486 990 2519 ep.
1005 2467 1154 2517 xxx111):

473 2530 569 2564 «Cur
592 2542 665 2564 non
682 2529 778 2563 basio
797 2537 830 2562 te
843 2553 853 2569 .,
869 2526 1040 2560 Philaeni?
1059 2527 1157 2559 calva

467 2593 515 2616 es.
532 2585 608 2618 Cur
620 2594 694 2616 non
707 2582 804 2616 basio
820 2590 854 2616 te
865 2608 875 2622 ,
892 2579 1155 2614 Philaeni?1-ufa

463 2647 511 2668 es.
535 2637 615 2670 Cur
632 2649 706 2670 non
727 2635 825 2670 basio
844 2643 896 2676 te,
912 2632 1085 2667 Philaeni?
1102 2634 1150 2667 lu-

457 2699 514 2723 sca
535 2701 582 2723 es.
602 2691 655 2724 Te
675 2689 739 2734 qui
766 2688 894 2730 basiat,
920 2687 1000 2729 hic,
1026 2686 1151 2720 Phiiae-

1212 2258 1270 2299 ni,
1293 2257 1400 2291 fellat.
1425 2275 1438 2286 υ
1464 2258 1551 2299 Quae
1575 2259 1751 2305 sigillatim
1777 2274 1897 2296 rursus

1214 2311 1339 2356 arripit
1361 2319 1395 2344 et
1412 2312 1606 2354 cavillatur,
1622 2314 1683 2346 lib.
1700 2314 1768 2355 IV,
1786 2315 1894 2360 epigr.

1214 2376 1297 2405 va3
1315 2364 1469 2403 lib.V11‚
1488 2366 1597 2411 epigr.
1616 2379 1737 2408 van,
1759 2377 1792 2402 et
1805 2380 1892 2409 Lxx;

1215 2418 1277 2452 lib.
1298 2417 1369 2459 IX,
1391 2417 1500 2463 epigr.
1523 2431 1614 2460 xxx,
1636 2432 1696 2453 xm
1722 2428 1757 2454 et
1778 2433 1894 2463 1¹Xl¹13

1216 2480 1250 2505 et
1271 2471 1332 2503 lib.
1352 2470 1402 2511 X,
1420 2471 1530 2517 epigr.
1555 2484 1643 2506 xx11.

1273 2524 1305 2557 3.
1329 2524 1510 2557 Decentior.
1538 2525 1649 2570 Capta
1674 2526 1768 2560 enim
1793 2535 1894 2560 utro-

1215 2590 1283 2624 que
1302 2576 1405 2609 oculo
1427 2577 1542 2611 minus
1567 2577 1734 2613 deformis
1756 2578 1894 2613 videre-

1214 2641 1283 2665 tur.
1308 2629 1417 2675 Atqui
1438 2642 1562 2664 caecam
1586 2632 1747 2667 horreres
1774 2631 1892 2678 adspi-

1210 2686 1304 2719 ciens
1320 2695 1330 2726 ;
1352 2692 1485 2729 quanto
1507 2686 1616 2731 magis
1635 2698 1717 2731 ergo
1735 2686 1890 2720 luscam!
