2044 3292
544 247 633 291 170

911 233 971 274 Μ.
997 234 1136 276 VAL.
1176 234 1567 276 MARTIALIS

1194 365 1269 420 X.

981 521 1203 551 CHARTAE

1243 522 1499 552 MAJOREs

670 646 778 689 NON
805 655 893 700 est,
917 661 1097 689 munera
1122 646 1239 706 quod
1266 656 1392 707 putes
1419 645 1595 706 pusilla,

672 717 822 772 Quum
854 715 988 759 donat
1017 731 1176 760 vacuas
1202 726 1331 777 poeta
1361 716 1546 761 chartas.

668 846 738 891 Μὴ
767 838 993 904 δωρήματα
1018 845 1148 888 τυτθοί
1175 862 1236 888 σοι
1263 840 1429 898 δοκοίη,

670 915 772 964 Τοὺς
799 915 953 975 χάρτας
976 917 1043 958 ὅτε
1072 909 1132 971 δῷ
1157 916 1290 966 κενοὺς
1317 920 1503 966 ποιητής.

588 1066 616 1087 1.
642 1053 716 1087 Non
750 1062 823 1087 sunt
856 1067 983 1087 munera
1015 1068 1085 1101 quoe
1111 1063 1207 1100 putas
1262 1056 1344 1100 petis
1361 1067 1372 1088 .·
1388 1066 1500 1100 quum
1520 1055 1555 1087 in
1569 1053 1610 1088 iis
1628 1065 1692 1087 nec
1711 1061 1794 1087 sunt
1810 1054 1947 1087 numini

531 1106 697 1140 exhibent
712 1106 793 1140 edd.
811 1108 888 1141 Par.
910 1110 988 1152 1617
1007 1116 1041 1141 et
1058 1108 1204 1142 Farnab.

533 1160 608 1193 Hoc
639 1168 674 1193 et
701 1161 810 1205 puella
844 1159 921 1194 Ald.
959 1161 1055 1194 Junt.
1088 1161 1204 1195 Colin.

532 1213 620 1246 Petis
638 1212 715 1246 cod.
738 1214 772 1246 in
792 1226 900 1260 marg.
921 1212 977 1247 ed.
997 1214 1075 1247 Par.
1097 1216 1205 1259 1617.

532 1266 658 1299 I’usilla
675 1265 786 1300 codex
805 1266 879 1300 MS.
901 1267 986 1300 Bev.
1003 1266 1209 1312 Legeudum

529 1318 636 1353 credo
654 1332 718 1365 ego
740 1321 860 1365 pusilla
878 1320 952 1353 sine
972 1320 1117 1365 virgula.
1137 1320 1207 1353 Alii

1267 1120 1332 1142 nec
1347 1107 1511 1142 carmina.

1322 1175 1354 1194 2.
1387 1161 1491 1205 Quum
1519 1159 1618 1192 donae
1647 1172 1777 1192 vacuas.
1810 1159 1948 1192 Chartae

1268 1215 1415 1259 majores
1437 1221 1518 1247 sunt
1538 1213 1646 1246 loculi
1671 1211 1827 1255 chartei,
1846 1223 1949 1258 gran-

1268 1266 1403 1308 diores,
1425 1279 1501 1312 quae
1519 1266 1645 1311 puellae
1665 1266 1854 1299 mittuntur
1879 1264 1950 1298 ina-

1270 1332 1332 1353 nes
1345 1346 1354 1361 ,
1380 1328 1418 1353 ut
1438 1331 1541 1365 supra
1566 1326 1647 1354 sunt
1665 1317 1859 1352 Vitelliani.

1185 1455 1292 1510 XI.

908 1611 1132 1639 CHARTAE
1174 1610 1553 1639 EPISTOLARES.
1575 1591 1593 1607 ⁴

602 1737 690 1780 Si-:u
725 1734 877 1779 leviter
904 1744 1032 1789 noto,
1061 1751 1136 1778 seu
1165 1751 1266 1778 caro
1295 1735 1425 1777 missa
1449 1733 1607 1787 sodali,

673 1808 838 1849 Omnes
869 1807 949 1849 ista
977 1804 1085 1849 solet
1110 1805 1263 1849 charta
1287 1820 1446 1849 vocare
1470 1821 1584 1849 suos.

600 1921 638 1976 fl
667 1934 808 1995 ὀλίγως
834 1941 976 1995 γνωτῷ
1005 1933 1194 1993 πεμφθεὶς
1222 1933 1347 1993 φίλῳ,
1379 1932 1401 1980 ἢ
1433 1933 1499 1975 καὶ
1525 1933 1671 1992 ἑταίρῳ
1690 1968 1701 1985 ‚

676 2004 842 2054 Πάντας
872 2008 978 2064 ὁμῶς
1005 2004 1158 2065 χάρτης
1191 2003 1306 2053 οὗτος
1339 2005 1462 2046 ἔειπεν
1494 2005 1593 2054 ἑούς.

590 2141 603 2155 ”
618 2144 757 2190 Duplici
771 2142 878 2177 modo
895 2143 1046 2176 scribere
1061 2142 1213 2188 antiquis

539 2199 704 2232 usitatum
728 2197 812 2238 fuit,
836 2196 873 2229 in
894 2195 1029 2229 tabellis
1048 2195 1214 2228 nimirum

539 2264 624 2298 quas
633 2263 711 2285 cera
725 2250 898 2283 illiverant
906 2246 995 2294 (quae
1009 2247 1103 2294 apud
1117 2248 1215 2281 Grae-

538 2318 596 2338 cos
618 2304 831 2338 vocabantur
853 2299 983 2341 σανίδες
996 2327 1005 2343 ,
1025 2298 1192 2339 πινακίδες
1205 2325 1214 2340 ,

538 2357 673 2399 Sekia,
705 2354 876 2399 δίπτυχοι,
913 2356 1096 2401 τρίπτυχα,
1125 2362 1189 2387 etc.
1204 2381 1213 2393 ,

543 2410 636 2458 apud
666 2410 812 2444 Latinos
843 2407 1216 2455 pugillares‚Vitellia-

540 2465 598 2505 ni,
620 2463 799 2510 duplices,
824 2460 931 2503 etc.)‚
959 2469 993 2494 et
1018 2461 1054 2493 in
1076 2460 1214 2494 chartis.

542 2519 622 2552 Non
635 2516 758 2551 eodem
776 2523 893 2549 autem
912 2513 1017 2547 modo
1036 2526 1107 2560 quo
1123 2511 1218 2559 apud

544 2584 607 2605 nos
631 2571 757 2604 chartae
786 2569 1055 2606 fabricabantur,
1079 2579 1157 2613 quae
1177 2579 1217 2600 cx

543 2624 693 2658 linteolis
710 2623 868 2657 contritis
885 2630 919 2656 et
935 2633 1020 2666 aqua
1039 2619 1218 2654 maceratis

543 2677 765 2717 conficimus,
794 2675 853 2710 sed
879 2689 897 2708 c
924 2673 1076 2720 quodam
1108 2676 1217 2719 junco

543 2731 602 2775 qui
627 2731 661 2763 in
685 2729 896 2775 palustribus
924 2728 1066 2773 JEgypti
1099 2739 1217 2772 reper-

1274 2150 1328 2175 tus
1358 2143 1445 2184 fuit,
1477 2150 1510 2176 et
1538 2154 1694 2188 papyrus
1728 2154 1855 2175 nomen
1889 2142 1951 2176 ha-

1273 2196 1350 2236 het,
1366 2195 1420 2227 vel
1435 2207 1477 2228 ex
1491 2195 1719 2228 animantium
1740 2195 1951 2228 membranis

1276 2247 1359 2293 pelli
1381 2248 1571 2294 proximis;
1595 2248 1663 2281 hoc
1691 2256 1806 2281 autem
1823 2248 1951 2282 chartae

1275 2313 1383 2346 genus
1419 2301 1618 2334 membrana
1651 2301 1706 2334 vel
1745 2313 1952 2347 pergamena

1277 2354 1532 2400 appellabatur.

1334 2418 1361 2439 1.
1383 2406 1446 2440 Seu
1473 2407 1578 2439 leviter
1601 2414 1686 2441 noco.
1713 2407 1802 2440 Nam
1827 2418 1887 2441 seu
1911 2405 1953 2440 ad

1276 2459 1456 2493 hominem
1488 2472 1613 2506 parum
1642 2467 1789 2501 notum,
1820 2472 1880 2493 seu
1911 2458 1953 2492 ad

1277 2513 1429 2547 amicum
1457 2513 1674 2547 carissimum
1698 2522 1731 2546 et
1757 2512 1953 2547 familiaris-

1280 2567 1408 2600 simum
1450 2567 1642 2600 scriberent
1675 2565 1842 2612 Antiqui,
1880 2566 1953 2610 epi-

1278 2620 1373 2653 stolae
1390 2632 1525 2665 semper
1544 2620 1617 2653 haec
1636 2618 1879 2665 praefigebatur
1898 2618 1954 2651 iu-

1277 2673 1442 2718 scriptio:
1457 2673 1521 2706 Suo
1534 2673 1586 2705 vel
1607 2672 1700 2706 Suis:
1716 2671 1813 2705 verbi
1824 2671 1933 2716 gratia
1945 2698 1953 2712 ‚

1285 2726 1354 2760 nM.
1367 2726 1506 2760 Tullius
1517 2726 1639 2761 Cicero
1650 2725 1766 2759 Attico
1778 2737 1839 2759 suo
1848 2742 1861 2754 »
1871 2750 1878 2766 ,
1888 2733 1951 2759 etc.
