1901 3259
333 258 906 303 EPIGRAMMATUM
944 258 1068 301 LIB.
1107 256 1255 299 Xlll.

1404 253 1495 299 133

632 410 939 465 LXXIV.

700 559 882 588 ANSER

154 676 264 718 HAEc
287 674 476 717 servavit
500 674 592 717 avis
611 674 785 735 Tarpeii
807 671 969 734 templa
986 672 1207 716 Tonantis.

222 743 425 788 Miraris?
450 744 647 788 nondum
673 744 837 788 fecerat
860 742 931 787 illa
959 744 1094 787 Deus.

153 852 272 926 ὅρνις
295 867 415 909 ἔσωσε
435 868 528 909 νεὼν
556 869 762 927 Ταρπ·ήϊον
782 860 872 914 ἥδε.
894 866 944 909 Τί
965 865 1121 926 &affigam

222 939 282 979 Οὐ
305 935 380 998 γὰρ
402 939 623 998 ἐγηγερκὼς
643 936 689 984 ἦν
711 937 795 988 θεὸς
817 937 937 980 αὐτὸν
960 937 1036 979 ἔτι.

138 1073 169 1094 1.
194 1061 331 1106 Tarpeia
347 1060 422 1095 MS.
440 1061 576 1095 Beverl.
594 1083 644 1087 —
668 1062 758 1094 Tem-

77 1114 147 1159 pla.
169 1113 256 1155 Quae
276 1127 293 1147 a
312 1114 420 1148 Gallis
440 1113 684 1148 obsidentibus
703 1127 759 1148 ex-

79 1175 231 1212 pugnata
248 1167 393 1201 fuissent
405 1194 414 1209 ,
434 1168 502 1201 nisi
521 1167 649 1201 anseris
667 1167 759 1201 clan-

31 1227 33 1229 ’
80 1219 370 1265 goribusexcitati
381 1220 755 1266 fuissentvigiles.Vid.

79 1281 114 1306 et
127 1274 219 1306 conf.
231 1273 351 1308 Livius
366 1274 484 1316 lih.V;
499 1275 540 1308 L.
555 1274 679 1307 Florus
692 1274 754 1307 lib.

80 1326 98 1358 Ι
113 1352 122 1369 ,
145 1338 221 1372 cap.
248 1327 319 1370 133
341 1336 375 1361 et
394 1327 571 1361 Plutarchi
593 1327 684 1361 liber
713 1325 757 1360 de

817 1060 973 1094 Fortuna
1000 1071 1144 1093 romana
1167 1067 1200 1092 et
1231 1059 1313 1092 Vita
1345 1059 1494 1093 Camilli.

875 1127 908 1148 2.
929 1113 1078 1147 Nondum
1091 1113 1218 1155 fecerat
1237 1112 1304 1146 illa.
1325 1113 1496 1146 Domitia-

817 1179 885 1200 nus
910 1167 970 1212 qui
997 1166 1184 1200 incensum
1205 1165 1419 1210 Capitolium
1441 1178 1497 1198 re·

817 1219 949 1261 stituit,
962 1218 1058 1265 quod
1071 1221 1140 1265 jam
1154 1218 1223 1252 alio
1237 1217 1380 1252 custode
1394 1231 1495 1264 quam

816 1272 1012 1307 Domitiani
1033 1272 1181 1306 numine
1204 1284 1275 1304 non
1297 1271 1496 1317 indiget.—

817 1326 878 1360 Ille
897 1326 970 1359 deos
991 1325 1072 1360 cod.
1094 1323 1302 1359 Beverland.

654 1464 914 1520 LXXV.

700 1604 864 1633 GRUEs

148 1713 184 1754 T
188 1725 383 1756 URBAssls
411 1727 583 1767 versus,
610 1727 689 1755 nec
711 1710 838 1755 litera
860 1720 950 1755 tota
976 1711 1159 1767 volabit,

219 1783 366 1825 Unam
396 1781 636 1842 perdideris
665 1782 699 1826 si
728 1780 971 1825 Palamedis
999 1797 1136 1824 avem.

147 1907 230 1952 Τὴν
251 1904 374 1965 στίχοι
397 1907 622 1966 συγχεύσεις
635 1939 645 1958 a
665 1906 732 1947 καὶ
751 1907 799 1948 τὸ
821 1908 1018 1964 στοιχεῖον
1039 1908 1213 1958 ὀλεῖται,

214 1974 264 2017 Εἰ
282 1970 571 2036 Παλαμήδειον
593 1976 744 2022 πτηνὸν
767 1975 805 2018 ἓν
828 1971 1038 2025 ἐξελάσεις.

135 2103 164 2123 1.
190 2090 361 2131 Tur-babit,
389 2099 423 2124 et
445 2091 570 2124 sonabit
593 2102 660 2136 pro
688 2092 754 2124 vol.

78 2143 220 2177 exhibet
245 2143 318 2177 MS.
342 2144 478 2178 Beverl.
498 2166 552 2171 -—
569 2144 637 2178 Nec
665 2145 756 2177 litera

79 2204 155 2230 tota.
171 2196 240 2230 Alii
256 2197 458 2243 intelligunt
472 2200 512 2235 Υ,
529 2197 588 2231 alii
603 2209 687 2231 vero
703 2202 726 2231 Δ
747 2209 754 2230 t

77 2262 155 2295 quae
175 2251 346 2283 sententia
366 2249 508 2284 videtur
532 2250 674 2285 melior.
697 2250 757 2284 Ci-

77 2313 157 2336 cero
175 2301 319 2348 quidem
336 2302 380 2337 de
395 2304 476 2337 Nat.
493 2304 600 2337 Deor.
619 2303 682 2336 lib.
701 2303 756 2337 II:

81 2354 195 2389 «Illud
218 2368 302 2390 vero
329 2356 372 2389 ab
394 2356 584 2389 Aristotele
606 2355 758 2390 animad-

76 2420 216 2441 versum
231 2433 240 2450 ‚
260 2421 278 2441 a
297 2421 367 2454 quo
383 2409 552 2454 pleraque
564 2435 573 2450 ‚
593 2408 671 2454 quis
692 2421 756 2454 po-

76 2468 143 2495 test
157 2473 230 2494 non
244 2461 361 2494 mirari
374 2462 388 2495 ?
401 2462 514 2495 Grues
526 2487 536 2504 ,
554 2475 666 2507 quum
681 2462 755 2495 loca

77 2513 245 2547 calidiora
269 2522 429 2559 petentes
452 2515 559 2548 maria
579 2515 758 2549 transmit-

76 2573 170 2608 tant,
180 2567 347 2612 trianguli
357 2567 494 2600 efficere
505 2568 665 2601 formam.
674 2569 758 2613 Ejus

21 2626 26 2627 ⁷
76 2628 193 2653 autem
209 2632 349 2653 summo
368 2620 494 2665 angulo
510 2632 567 2654 aer
585 2621 627 2654 ab
644 2621 686 2654 iis
699 2620 757 2654 ad-

76 2682 198 2706 versus
219 2672 364 2717 pellitur
388 2685 395 2706 :
419 2671 547 2707 deinde
567 2674 692 2707 sensim
714 2674 756 2706 ab

815 2099 967 2137 utroque
983 2091 1090 2125 latere
1102 2116 1111 2132 ‚
1126 2098 1293 2136 tanquam
1311 2092 1434 2133 remis,
1451 2091 1497 2125 ita

814 2144 941 2190 pennis
959 2156 1081 2177 cursus
1103 2143 1220 2178 avium
1242 2144 1388 2177 levatur.
1404 2145 1498 2178 Basis

817 2205 931 2230 autem
966 2197 1134 2243 trianguli
1149 2223 1158 2238 ‚
1197 2209 1300 2243 quam
1339 2197 1499 2230 efficiunt

816 2263 937 2296 grues,
961 2262 1000 2284 ea
1022 2259 1187 2296 tanquam
1210 2262 1228 2282 a
1248 2250 1362 2296 puppi
1383 2251 1498 2284 ventis

817 2302 1022 2348 adjuvatur,
1036 2312 1102 2337 etc.
1114 2321 1126 2333 n
1145 2303 1208 2337 His
1217 2304 1326 2336 Tullii
1339 2304 1454 2337 verbis
1470 2309 1492 2337 Δ

817 2356 981 2390 Graecum
1004 2357 1110 2402 plane
1137 2357 1356 2402 exprimitur.
1385 2356 1500 2389 Grues

817 2422 900 2442 vero
914 2408 1108 2443 Palamedis
1126 2421 1204 2442 aves
1221 2421 1291 2442 esse
1305 2408 1492 2442 dicuntur:

818 2475 858 2496 ex
895 2474 1016 2496 earum
1049 2463 1142 2496 enim
1174 2462 1295 2495 volatu
1331 2461 1496 2506 quasdam

818 2515 935 2549 literas
956 2514 1148 2556 didicerat,
1165 2523 1272 2559 atque
1292 2515 1364 2547 illas
1383 2515 1499 2547 homi-

817 2580 880 2602 nes
898 2567 1068 2602 docuerat
1087 2566 1301 2601 Palamedes.
1319 2568 1409 2612 Lege
1429 2567 1501 2600 Pli-

818 2621 917 2654 nium
939 2622 1001 2654 lib.
1020 2622 1107 2662 VII,
1121 2632 1195 2665 cap.
1213 2619 1274 2652 56,
1292 2619 1378 2653 vid.
1396 2620 1498 2654 etiam

817 2674 935 2707 Nostri
956 2674 1018 2707 lib.
1039 2674 1112 2716 IX,
1132 2673 1241 2719 epigr.
1261 2685 1331 2706 x1v.

1277 2728 1291 2752 3

1233 2754 1263 2799 9
