2044 3292
532 191 627 237 268
899 196 958 238 M.
987 197 1130 242 VAL.
1170 199 1561 243 MARTIALIS

1004 343 1441 402 CLXXXIII.

736 499 961 530 IIOMERI
1001 484 1716 534 BATRACHOMYOMAclilA.*

591 625 806 669 PERLEGE
831 626 1021 670 Maeonio
1046 636 1240 672 cantatas
1270 629 1462 672 carmine
1488 644 1616 672 ranas
1631 664 1642 683 ‚

662 696 719 737 Et
746 694 934 740 frontem
965 699 1090 758 nugis
1116 697 1283 743 solvere
1309 698 1425 743 disce
1451 699 1570 742 meis.

595 831 807 883 Μαῑῡνίῡις
830 835 940 878 ἔπεσι
966 835 1198 896 Βατράχους
1225 837 1417 895 ᾀσθέντας
1444 837 1635 897 ἀναγνοὺς

662 902 871 964 Παίγμαΰῑ
896 907 969 953 τὴν
998 904 1087 963 ὄψιν
1115 907 1280 966 μάνθαν’
1307 910 1414 967 ἐμοῖς
1440 902 1607 966 διαχεῖν.

582 1037 892 1078 *Batrachomachia
909 1045 988 1080 cod.
1011 1047 1145 1081 Bevorl.
1167 1056 1201 1081 et
1318 1060 1345 1081 1.
1367 1048 1517 1081 Maeom'o.
1541 1047 1615 1080 Hoc
1647 1054 1717 1088 est,
1746 1046 1934 1080 Homerico

526 1094 582 1127 alii
599 1095 684 1129 vitio
705 1097 910 1132 scribentes.
1261 1101 1424 1135 camnine.
1448 1100 1596 1133 Maeonia
1621 1108 1735 1133 autem
1762 1099 1851 1132 Asiae
1878 1113 1933 1133 re·

577 1169 628 1174 —
644 1149 1011 1198 Batrachomyomachia.
1031 1153 1114 1187 Haec
1133 1166 1199 1187 vox
1258 1154 1317 1200 gio
1338 1162 1407 1196 est,
1437 1152 1557 1186 eadem
1579 1153 1650 1186 fere
1676 1164 1715 1185 ac
1742 1151 1873 1198 Lydia,
1896 1153 1932 1185 in

524 1200 693 1245 significat
710 1215 862 1249 pugnam
881 1217 1043 1238 ranarum
1068 1214 1103 1240 et
1121 1219 1198 1239 mu·
1259 1219 1326 1252 qua
1353 1215 1454 1240 natus
1483 1218 1554 1239 esse
1583 1206 1757 1239 Homerus
1792 1204 1932 1239 dicitur.

526 1253 631 1288 rium.
655 1255 721 1288 Alii
744 1256 812 1290 hoc
834 1258 1040 1304 opusculum
1062 1260 1107 1293 ab
1126 1259 1198 1292 Ho-
1260 1258 1354 1292 Vide
1367 1259 1428 1292 lib.
1440 1260 1486 1301 V,
1503 1258 1612 1303 epigr.
1630 1270 1663 1290 x.

526 1319 623 1340 mero
652 1310 883 1354 compositum
915 1311 1109 1354 affirmant,
1140 1312 1196 1345 alii
1316 1325 1349 1346 2.
1366 1311 1468 1346 Nodis
1484 1324 1549 1357 pro
1563 1312 1656 1355 nugis
1675 1309 1754 1344 cod.
1773 1310 1809 1343 in
1825 1322 1932 1355 marg.

527 1361 642 1393 verius
656 1371 804 1407 negant;
823 1376 903 1396 nam
919 1364 957 1396 in
974 1364 1041 1398 hoc
1061 1377 1200 1410 poema·
1258 1364 1313 1398 ed.
1339 1365 1416 1398 Par.
1443 1366 1551 1408 1617.
1570 1386 1622 1390 ——
1643 1364 1692 1396 Et
1702 1364 1852 1407 frontem.
1874 1362 1932 1396 Sic

529 1413 684 1447 tiunculo
701 1415 788 1448 nihil
806 1416 964 1461 estquod
981 1417 1124 1451 Homeri
1143 1418 1197 1451 in·
1258 1418 1417 1463 exemplo
1431 1417 1575 1450 Homeri
1592 1415 1779 1461 aliquando
1799 1428 1932 1461 nugan-

526 1466 667 1511 genium
687 1477 826 1513 arguat,
848 1469 906 1503 sed
933 1469 1101 1504 duntaxat
1124 1471 1192 1504 Ho·
1258 1472 1300 1505 tis
1317 1479 1350 1504 et
1366 1471 1408 1504 ab
1427 1470 1561 1503 heroici
1575 1471 1738 1502 carminis
1756 1470 1932 1515 majestate

527 1520 733 1554 mericarum
754 1522 945 1556 formarum
964 1523 1138 1557 affectatio
1164 1532 1196 1556 et
1256 1523 1300 1557 ad
1319 1523 1491 1557 levissima
1515 1535 1587 1556 sese
1615 1521 1830 1556 demittentis
1857 1533 1934 1555 suas

526 1572 619 1617 quasi
640 1573 774 1608 ludicra
794 1572 958 1620 παρῳὸία.
1258 1576 1405 1622 ineptias
1425 1583 1565 1610 excusat
1586 1575 1704 1609 Poeta.

1013 1709 1440 1767 CLXXXIV.

851 1861 1110 1891 HOMERUS
1149 1863 1201 1891 IN
1241 1844 1604 1892 MEMBRANIS.*

598 1986 720 2029 lLlAs
750 1995 793 2028 et
818 1986 978 2029 Priami
1001 1987 1143 2047 regnis
1169 1988 1367 2031 inimicus
1392 1987 1566 2048 Ulysses

664 2054 897 2117 Multiplici
923 2058 1084 2116 pariter
1107 2057 1281 2101 condita
1304 2057 1415 2118 pelle
1439 2057 1584 2102 latent.

594 2185 746 2254 Εχθρὸν
771 2184 970 2243 ὁδυσσῆα
995 2196 1215 2255 Πριάμοιο,
1243 2197 1308 2238 καὶ
1339 2184 1440 2239 Ϊλιον
1469 2197 1551 2256 ἱρὴν

664 2265 878 2325 Διφθερέων
908 2267 1074 2325 κρύπτει
1099 2272 1242 2327 πῆγμα
1268 2268 1572 2326 πολυπτυχέων.

578 2399 592 2414 ’
612 2404 657 2437 H.
681 2406 712 2435 in
730 2404 941 2448 pugillaribus
963 2417 1002 2436 m.
1026 2402 1108 2437 cod.
1133 2404 1196 2436 Be·
1259 2403 1359 2443 σε’ως)
1380 2417 1514 2439 errores
1531 2414 1565 2438 et
1584 2404 1716 2438 reditus
1735 2405 1770 2437 in
1788 2404 1932 2449 patrium

527 2458 609 2490 verl.
624 2457 682 2502 qui
697 2455 773 2490 cod.
789 2458 823 2489 in
842 2469 889 2490 vs.
909 2469 925 2488 2
942 2456 1045 2489 hahet
1061 2457 1197 2489 candida
1260 2457 1521 2491 describuntur.

526 2519 557 2543 ct
571 2518 691 2555 patent.
1318 2526 1348 2544 2.
1367 2511 1540 2557 Multiplici
1552 2511 1642 2555 pelle.
1661 2511 1736 2543 Hoc
1756 2517 1821 2549 est,
1846 2510 1932 2542 mul—

586 2577 613 2597 ι.
651 2564 794 2596 Inimicus
836 2563 969 2606 [Hyssos.
1014 2563 1085 2595 Hoc
1125 2572 1170 2595 us!
1189 2588 1197 2602 ‚
1259 2565 1301 2596 tis
1321 2565 1531 2597 nwmbranis
1552 2564 1791 2596 involvuntur.
1805 2561 1933 2595 —Con-

526 2616 680 2660 Odyssea
701 2628 767 2660 qua
789 2616 921 2661 Ulyssis
940 2613 1070 2660 (gracco
1093 2610 1197 2648 ‘wa-
1259 2617 1336 2649 Aa«.
1352 2618 1453 2650 Refer
1468 2615 1508 2650 ad
1523 2615 1664 2650 Iliadem
1682 2625 1713 2649 el
1730 2614 1929 2659 Otlyssemn.
