2044 3292
513 205 573 264 74
891 207 952 248 M.
981 208 1122 250 VAL.
1163 206 1550 250 MARTIALIS

1060 355 1365 412 LXXXI.

941 512 1005 539 DE
1052 492 1492 541 CArrisTRATo.*

579 636 648 677 NF,
675 633 821 678 laudet
843 634 1020 696 dignos,
1046 635 1194 680 laudat
1219 636 1490 681 Callistratus
1515 653 1678 682 omnes.

649 706 731 748 Cui
766 705 903 749 malus
933 716 997 750 est
1028 722 1179 759 nemo,
1205 709 1301 768 quis
1331 707 1472 751 bonus
1498 724 1590 753 csse
1619 708 1792 769 potest?

561 839 573 851 '
594 843 809 877 Callistratus
822 870 830 884 ‚
852 853 890 878 ut
910 846 1087 878 nemiuem
1109 846 1181 879 lau-

508 894 667 929 dandum
684 905 911 939 monstraret,
928 897 1092 933 laudabat
1108 912 1183 933 om-

508 961 580 982 nes.
601 950 688 983 Rem
710 950 874 996 intelligit
900 952 1007 986 Poeta
1028 961 1061 986 ez
1083 961 1185 998 negat

509 1015 629 1036 verum
643 1015 715 1036 esse
725 1003 915 1048 judicium,
927 1005 1024 1050 quod
1035 1017 1099 1040 nec
1113 1019 1183 1039 om-

511 1068 569 1089 ues
592 1056 661 1090 sint
678 1069 778 1102 pares
790 1084 799 1098 ,
816 1070 880 1091 uec
900 1071 1021 1092 omnes
1037 1059 1107 1093 sint
1122 1061 1186 1093 bo-

509 1109 568 1146 ui;
590 1109 635 1142 ita
655 1110 730 1143 fleri
741 1137 750 1151 ,
765 1120 804 1144 ut
820 1111 973 1156 improbi
991 1112 1094 1145 etiam
1110 1113 1185 1146 lau-

508 1160 648 1196 dentur.
667 1163 793 1208 Neque
815 1164 908 1198 enim
931 1173 1017 1199 esset
1036 1165 1183 1204 malitia,

510 1215 537 1248 si
554 1216 649 1249 nulla
666 1217 701 1249 iu
722 1216 855 1250 mundo
874 1218 1028 1260 bonitas3
1047 1227 1081 1252 et
1100 1231 1185 1252 con-

510 1276 572 1301 tra.
605 1269 671 1303 Cui
704 1271 821 1304 onmia
855 1271 929 1304 alba
943 1298 951 1313 ,
985 1273 1046 1317 qui
1078 1273 1187 1306 malos

509 1333 606 1366 aeque
626 1335 664 1356 ac
691 1323 801 1357 bonos
825 1325 1025 1370 promiscue
1050 1324 1184 1366 laudat,

1243 856 1277 880 et
1301 845 1518 892 indulgentia
1547 855 1642 881 tauta
1668 847 1793 888 utitur,
1813 848 1923 892 arguit

1244 912 1316 933 sese
1346 899 1471 945 judicii
1504 900 1635 934 infirmi
1668 908 1702 934 et
1732 900 1788 934 vel
1815 899 1925 934 livore

1244 954 1300 986 vel
1313 952 1516 988 adulatione
1531 952 1729 1000 praepediti.
1740 951 1834 986 Vide
1848 965 1924 999 quae

1247 1007 1486 1053 Chrysippus,
1504 1007 1675 1041 referente
1691 1007 1770 1040 Aul.
1789 1006 1905 1040 Gellio
1917 1032 1926 1047 ‚

1247 1059 1339 1094 libro
1350 1061 1403 1092 VI
1415 1085 1424 1101 ‚
1440 1060 1553 1106 capite
1574 1073 1597 1093 1.

1304 1126 1331 1146 1.
1353 1114 1403 1146 Nc
1422 1113 1530 1146 laudet
1545 1114 1669 1158 dignos.
1689 1112 1824 1146 Invidia
1841 1138 1846 1148 ,
1867 1120 1926 1146 aut

1244 1165 1368 1211 judicii
1381 1166 1605 1207 infirmitate,
1623 1178 1744 1199 omnes
1763 1164 1926 1199 laudabat

1247 1219 1462 1254 Callistratus
1480 1231 1487 1252 :
1506 1220 1589 1253 boni
1605 1232 1688 1253 vero
1704 1227 1839 1253 tantum
1856 1219 1928 1252 lau-

1247 1271 1377 1308 dandi,
1408 1282 1512 1318 atque
1532 1286 1549 1306 a
1569 1273 1667 1306 malis
1686 1271 1926 1318 distinguendi

1247 1334 1337 1360 sunt.
1348 1327 1381 1358 V
1384 1325 1434 1360 id.
1454 1335 1528 1360 not.
1551 1324 1700 1372 praeced·

1042 1462 1390 1519 LXXXII.

1039 1620 1106 1648 DE
1158 1600 1399 1649 munao*

651 1749 831 1791 BRUMAE
860 1747 1034 1801 dicbus,
1060 1747 1261 1808 feriisque
1287 1748 1489 1801 Saturni,

651 1818 856 1862 Mittebat
887 1818 1055 1863 Umber
1082 1817 1280 1863 aliculam
1309 1818 1415 1862 mihi
1446 1834 1633 1879 pauper3

566 1944 577 1957 '
596 1949 701 1981 Notat
730 1949 907 1983 avaritiam
941 1950 1090 1991 Umbri,
1123 1950 1184 1995 qui

511 2001 589 2045 plus
611 2014 742 2047 pauper
764 2001 912 2036 donarat
934 2004 971 2036 in
993 2003 1186 2036 Saturnali-

511 2054 577 2087 bus
605 2063 714 2099 poetae
731 2081 740 2096 ‚
773 2068 876 2100 quam
908 2055 1004 2090 dives
1025 2068 1032 2089 :
1055 2068 1187 2101 pauper

512 2107 670 2140 aliculam
695 2120 704 2148 ;
736 2107 832 2142 dives
866 2109 988 2142 alicam
1022 2108 1184 2142 donabat.

512 2160 634 2201 Quum
644 2173 726 2194 vero
740 2162 824 2196 alica
835 2163 981 2196 crassior
991 2163 1035 2196 sit
1046 2162 1188 2196 etvilior

512 2226 617 2258 quam
639 2214 782 2256 alicula,
804 2224 907 2262 poeta
932 2214 1017 2250 dum
1047 2214 1188 2250 laudare

514 2266 689 2301 Umbrum
710 2267 851 2302 videtur
865 2294 874 2306 ..
899 2269 1034 2314 carpit,
1057 2277 1093 2302 ut
1116 2281 1188 2302 sor-

512 2319 686 2354 didiorem
699 2321 829 2355 factum
844 2334 946 2367 quam
961 2322 1043 2355 olim
1057 2349 1065 2363 ‚
1079 2334 1187 2368 quum

514 2386 647 2419 pauper
665 2374 740 2408 fuit.
762 2374 830 2408 Sed
847 2375 929 2409 audi
949 2371 1035 2421 quid
1056 2376 1099 2408 H.
1121 2375 1189 2408 Sal-

513 2427 625 2460 muth.
643 2427 775 2461 adferat
791 2427 833 2461 ad
857 2428 1029 2462 Pancirol.
1049 2441 1124 2474 cap.
1146 2427 1188 2462 de

513 2481 667 2514 vestibus
683 2482 864 2515 veterum.
883 2482 991 2515 Taxat
1011 2509 1018 2521 ‚
1054 2482 1185 2526 iuquit.

515 2533 638 2567 Umbri
660 2535 838 2568 avaritiam
857 2548 862 2568 :
880 2536 938 2580 qui
957 2535 1040 2568 oliui
1059 2548 1190 2580 pauper

515 2586 642 2619 miserit
660 2588 838 2630 aliculam3
855 2601 946 2621 nunc
960 2587 1056 2621 (lives
1070 2589 1187 2621 alicam

514 2640 638 2672 mittat.
656 2641 807 2679 Aboula,
828 2650 914 2686 toga:
929 2642 979 2675 vel
995 2640 1189 2686 chlamydis

1246 1962 1351 1995 genus
1375 1958 1444 1992 est3
1475 1951 1558 1984 alica
1587 1958 1699 1982 autem
1716 1976 1723 1989 ,
1759 1957 1862 1994 potus
1885 1961 1923 1982 ex

1246 2004 1322 2036 Zea.
1349 2003 1426 2036 Lib.
1460 2004 1564 2044 XIII,
1591 2003 1700 2048 epigr.
1731 2014 1787 2040 vi,
1825 2002 1925 2035 infra.

1248 2057 1353 2101 Cujus
1367 2065 1481 2089 tamen
1494 2069 1602 2101 quum
1617 2056 1741 2088 alicula
1749 2053 1928 2088 videretur

1248 2108 1517 2148 diminutivum,
1539 2107 1635 2143 credi
1651 2117 1764 2155 posset
1781 2108 1854 2142 haec
1871 2108 1928 2141 illa

1250 2162 1362 2195 vilior.

1309 2228 1337 2249 1.
1362 2216 1489 2249 Brmnae
1509 2216 1615 2248 (liebus
1639 2215 1802 2249 Mittebat.
1829 2212 1927 2247 Idem

1250 2269 1321 2302 fere
1346 2269 1404 2302 lib.
1428 2269 1455 2301 X
1470 2293 1479 2308 ,
1501 2269 1609 2314 epigr.
1630 2280 1693 2301 xiv
1714 2280 1721 2301 ς
1749 2285 1762 2298 ‹-
1776 2265 1928 2309 Quando

1250 2322 1363 2355 brevis
1391 2320 1512 2367 gelidae
1539 2321 1640 2355 missa
1668 2329 1718 2354 est
1742 2329 1820 2366 toga
1841 2328 1927 2354 tem-

1249 2388 1335 2421 pore
1348 2376 1495 2408 brumae
1513 2392 1526 2403 n

1306 2441 1336 2462 α.
1352 2428 1523 2461 Λίίσιιῖαηι.
1542 2427 1705 2468 Invenio,
1722 2426 1929 2472 inquitTur-

1251 2481 1359 2514 nebus
1374 2480 1432 2513 lib.
1450 2481 1596 2521 XVIII,
1613 2493 1687 2526 cap.
1707 2491 1797 2512 xxln
1811 2506 1819 2521 ,
1843 2486 1878 2512 et
1894 2479 1927 2511 in

1251 2535 1394 2579 antiquo
1413 2533 1644 2567 Vocabulario
1659 2533 1806 2566 aliculam
1819 2544 1929 2577 genus

1253 2588 1353 2621 vestis
1375 2599 1456 2620 csse.
1479 2588 1549 2620 Lex
1580 2598 1692 2626 xxiii,
1716 2583 1745 2624 ἓ
1769 2601 1806 2625 2,
1824 2585 1860 2617 ff.
1884 2583 1928 2617 dv

1252 2654 1335 2674 auro
1352 2667 1359 2681 ,
1384 2649 1526 2685 argento
1542 2666 1549 2676 ,
1575 2638 1727 2673 mundo:
1747 2656 1758 2667 ι·
1780 2637 1927 2671 Puerilia
