1901 3259
268 233 849 279 EPIGRAMMATUM
887 233 1012 275 LIB.
1052 231 1202 273 XIII.

1350 228 1440 271 123

667 385 821 441 LVL

651 536 721 563 vU
736 535 836 563 LVA.

111 658 175 699 ΤΕ
204 655 387 698 fortasse
411 655 546 714 magis
572 654 714 714 capiet
739 653 792 696 de
817 653 986 712 virgine
1010 667 1168 712 porc-‘213

182 727 257 769 Me
287 734 481 768 materna
506 725 627 786 gravi
654 723 708 767 de
731 739 806 767 sue
828 722 960 766 vulva
987 723 1114 783 capit.

114 853 152 905 H
178 860 339 905 ἀτόκοιο
368 862 460 911 συὸς
486 861 597 920 τάχα
627 860 689 903 σοὶ
712 859 958 919 καταθύμιός
987 861 1049 908 ἐςι

184 934 335 992 Μῆτρα
360 935 528 991 μᾶλλον·
559 930 646 989 ἐμοὶ
673 925 711 972 δ’
738 924 876 972 εὔαδεν
903 935 926 977 ἡ
957 923 1147 978 τοκάδος.

103 1079 117 1099 1
128 1093 135 1099 .
155 1065 274 1110 Capiat
287 1063 364 1098 MS.
385 1064 422 1096 in
444 1076 553 1109 marg.
570 1062 624 1097 ed.
639 1063 716 1097 Par.

53 1120 164 1164 1617,
194 1126 229 1151 et
251 1117 300 1151 sic
325 1117 426 1150 Barb.
447 1138 499 1143 —
518 1118 570 1149 De
593 1117 719 1160 virgine

43 1183 150 1215 porca.
171 1171 288 1204 Vulva
304 1169 448 1215 virginis
464 1170 533 1203 suis
545 1195 554 1211 ‚
575 1169 718 1209 sterilis,

47 1232 169 1269 utpote
191 1232 353 1258 castratae.
371 1222 455 1257 Vid.
481 1223 614 1255 Plinius
627 1248 635 1264 ‚
657 1222 717 1255 lib.

48 1277 161 1318 VIII,
183 1289 259 1322 cap.
281 1276 341 1311 51.

834 1075 865 1095 2.
886 1062 994 1106 illagis
1012 1073 1078 1106 pro
1103 1062 1198 1104 gravi
1221 1058 1296 1092 MS.
1323 1059 1457 1091 Beverl.

778 1115 1011 1153 ——Mace1·na‚
1035 1122 1102 1147 etc.
1130 1112 1247 1145 Vulva
1280 1111 1457 1156 porcaria,

778 1168 815 1201 id
841 1177 909 1207 est,
943 1167 1013 1201 suis
1042 1174 1123 1199 ante
1155 1164 1291 1198 editum
1317 1172 1457 1209 partum

779 1229 922 1254 enectae.
940 1218 1033 1253 Vide
1051 1219 1140 1252 Plin.
1163 1218 1225 1251 lib.
1247 1218 1314 1255 XI,
1335 1229 1366 1250 c.
1393 1217 1459 1260 373

781 1284 814 1308 et
836 1287 962 1319 supra,
983 1273 1091 1318 epigr.
1113 1284 1208 1305 κων.

652 1407 850 1462 LVJL

575 1537 933 1587 COLOCASIA.*

122 1678 367 1722 NILIACUM
391 1677 549 1720 ridebis
575 1675 670 1720 olus
696 1675 902 1735 lanasque
928 1690 1156 1734 sequaces,

191 1748 399 1808 Improba
424 1764 559 1808 quum
583 1763 731 1790 morsu
758 1745 831 1789 fila
855 1761 1074 1805 manuque
1097 1744 1254 1788 trahes.

123 1877 342 1921 Νειλιακοῦ
357 1877 537 1935 λαχάνου
561 1876 739 1936 γελάσεις
766 1869 933 1935 ἐριώδεα
955 1875 1123 1934 ῥυσμὸν,

196 1946 406 1996 Εἷλικτοὺς
434 1948 558 1989 ἕλκων
584 1946 736 2006 χερσὶν,
757 1940 860 1995 ὀδάξ
886 1962 932 1988 τε
953 1944 1081 2004 μίτος.

108 2076 124 2090 ⁴¹
139 2079 237 2113 Nihil
255 2088 325 2123 est,
340 2080 410 2113 sive
428 2080 465 2113 in
479 2079 581 2113 codd.
598 2080 669 2113 sive
691 2080 727 2112 in

57 2133 94 2166 in
108 2133 225 2172 libris,
240 2132 423 2167 discordiae
438 2132 528 2167 circa
546 2133 640 2166 illius
654 2133 729 2178 epi-

57 2186 256 2232 grammatis
273 2187 492 2232 scripturam.

117 2251 148 2272 1.
170 2239 342 2273 Niliacum.
368 2239 548 2273 Colocasia
573 2239 650 2272 faba
680 2247 732 2272 est

59 2292 239 2338 JEgypfia,
253 2292 384 2326 Graecis
399 2293 522 2338 κύαμος
542 2292 730 2337 Αἰγύπτιος.

59 2345 181 2378 Elevat
195 2353 300 2390 poeta
317 2354 351 2378 et
367 2345 560 2378 contemnit
577 2346 651 2391 ejus
669 2357 730 2390 gu-

60 2405 190 2431 statum
203 2423 212 2438 ‚
233 2406 377 2444 propter
406 2398 614 2431 inhaerentes
636 2397 734 2443 quasi

61 2451 158 2483 fusos
178 2458 213 2483 et
237 2451 295 2484 fila
313 2463 389 2496 quae
407 2463 514 2496 saepe,
537 2451 597 2484 ubi
621 2463 734 2484 morsa

61 2503 121 2536 illa
147 2511 219 2543 est,
240 2502 404 2537 dentibus
433 2503 673 2538 adhaerescunt
701 2513 735 2537 et

63 2554 316 2598 extenduntur,
334 2568 400 2589 nec
420 2557 456 2588 in
476 2565 654 2602 gutturem
676 2569 735 2590 co-

63 2607 235 2642 medenda
243 2608 560 2643 descendunt.Vid.
573 2619 606 2643 et
616 2609 659 2643 de
669 2610 736 2643 hoc

63 2662 247 2706 leguminis
267 2674 394 2707 genere
411 2661 633 2696 Dioscorides
645 2688 653 2703 ,
673 2663 734 2695 lib.

788 2080 927 2124 II,cap.
944 2077 1286 2123 993Theophrastus
1298 2102 1307 2117 ‚
1323 2076 1385 2109 lib.
1402 2077 1466 2115 IV,

788 2144 868 2177 cap.
885 2143 944 2173 103
962 2131 1163 2170 Athenaeus,
1175 2130 1236 2162 lib.
1253 2130 1326 2170 ΙΙΙ,
1344 2141 1419 2174 cap.
1438 2140 1470 2168 1;

789 2184 937 2225 Plinius,
956 2185 1015 2229 qui
1035 2184 1097 2216 lib.
1113 2184 1219 2222 XXI,
1233 2195 1309 2228 cap.
1328 2182 1364 2216 15
1380 2194 1388 2214 :
1406 2182 1468 2213 «111

791 2240 945 2284 AEgypto
963 2236 1180 2270 nobilissima
1209 2244 1259 2269 est
1282 2234 1469 2276 colocasia,

792 2304 895 2337 quam
919 2303 1067 2336 cyamon
1087 2297 1214 2322 vocant
1236 2289 1354 2334 aliqui.
1373 2288 1471 2321 Hanc

795 2357 812 2377 a
826 2344 909 2377 Nilo
926 2352 1063 2377 metunt
1074 2368 1083 2383 ‚
1095 2343 1210 2380 caule,
1226 2355 1335 2387 quum
1350 2349 1469 2374 coctus

796 2406 863 2436 est..
887 2409 1052 2430 araneoso
1074 2395 1111 2428 in
1131 2394 1332 2428 mandendo
1353 2411 1366 2422 -
1380 2420 1389 2434 ‚
1404 2402 1469 2427 etc.

851 2463 884 2483 2.
905 2451 981 2483 Fila
1009 2450 1121 2481 trahes.
1143 2449 1222 2481 Lib.
1237 2448 1342 2488 VIII,
1358 2446 1470 2491 epigr.

795 2515 948 2544 xxxnI‚1
959 2503 1013 2543 3‚«
1022 2503 1131 2535 Lenta
1141 2502 1258 2533 minus
1267 2500 1470 2545 gracilicre-

795 2564 896 2590 scunt
916 2556 1085 2589 colocasia
1103 2555 1173 2587 filo.
1193 2572 1205 2582 »ι
1227 2553 1318 2586 Hinc
1337 2559 1472 2586 constat

802 2627 814 2637 α
833 2609 1026 2642 colocasia»
1050 2620 1121 2641 esse
1145 2605 1305 2640 feminini
1333 2605 1469 2650 generis

796 2663 899 2695 simul
923 2670 957 2694 et
978 2660 1146 2694 neutrius.
