1901 3259
313 165 898 211 EPIGRAMMATUM
937 165 1060 206 LIB.
1100 164 1250 206 XIII.

1395 162 1485 218 143

706 317 872 374 XCI.

626 452 946 501 AC1PENsis.*

142 599 213 641 An
236 596 466 641 Pallatinas
491 598 737 658 acipensem
764 596 923 639 mittite
950 609 1140 647 mensas;

211 668 461 712 Ambrosias
491 676 649 711 ornent
682 682 864 710 munera
893 681 991 708 rara
1022 665 1168 725 dapes.

141 772 309 833 Πέμψον
337 773 601 833 ἀνακτορέῃσι
630 778 767 834 γλάνιν
801 767 971 832 δώρημα
1000 767 1227 831 τραπέζαις·

210 836 443 904 Ᾰμὲρασίην
470 844 616 891 σπανίη
650 838 775 886 δαῖτα
806 836 917 891 δόσις
946 843 1143 900 στεφέτω,

124 958 139 973 ⁴¹
159 962 288 997 Aldum
321 965 357 997 in
388 964 494 997 titulo
525 964 639 1009 legere
669 965 749 997 Act-

66 1029 180 1061 Jlellsffl'
193 1025 227 1050 et
239 1016 355 1062 primo
366 1029 471 1050 VOI'SU
486 1020 664 1061 aCLPCIISCI'a
677 1029 751 1050 mo·

70 1078 131 1103 net
149 1069 294 1115 quidam
311 1071 508 1104 Annotator
522 1070 556 1102 in
578 1070 748 1115 impresso

71 1135 179 1168 marg.
200 1122 254 1156 ed.
273 1123 352 1156 Par.
377 1126 486 1169 1617.
509 1124 635 1157 Nostra
652 1122 749 1164 fidi-

69 1187 114 1208 na
140 1176 246 1209 habet
269 1177 453 1221 Accipensis
475 1185 509 1209 et
535 1178 747 1221 accipens-em,-

73 1229 227 1262 Colinaea
259 1230 394 1275 profert
424 1230 608 1275 Acciperzsis
632 1238 684 1271 et,
709 1238 748 1263 ut

70 1290 184 1316 servet
204 1290 375 1324 metrum,
398 1285 580 1328 acipensem.

124 1356 176 1361 —
194 1336 372 1381 Acipensis.
396 1336 575 1382 Acipensis
598 1336 653 1369 vel
678 1336 746 1369 aci-

70 1400 205 1433 penser,
231 1401 335 1434 quem
358 1389 464 1435 vulgo
484 1389 677 1422 sturionem
698 1388 748 1422 di-

71 1449 174 1483 cunt,
193 1442 297 1487 piscis
308 1442 374 1475 fuit
387 1443 540 1476 maximo
559 1442 594 1475 in
608 1442 747 1476 honore

72 1493 166 1539 apud
177 1496 364 1529 Romanos.
374 1495 440 1530 Ov.
451 1496 486 1529 in
498 1495 684 1529 Halieutic.
696 1508 744 1529 vs.

73 1547 110 1580 13
119 1560 136 1580 2
148 1560 156 1580 ι
171 1565 184 1578 ιι
191 1548 321 1594 Tuque
330 1549 533 1595 peregrinis,
542 1549 748 1594 Aeipenser,

71 1600 199 1634 nobilis
208 1601 323 1635 undis.
338 1619 351 1631 ι)

70 1652 162 1686 lium
189 1654 252 1687 lib.
280 1655 352 1696 ΙΙΙ,
373 1667 446 1701 cap.
471 1658 527 1689 16.
551 1656 653 1689 «Nec
678 1655 746 1688 aci-

71 1717 219 1750 penser,
238 1719 342 1752 quem
367 1709 473 1740 maria
497 1707 654 1753 prodigis
679 1718 746 1740 nu·

72 1758 202 1800 trium,
213 1760 304 1793 illius
318 1761 432 1794 saeculi
447 1760 587 1794 delicias
602 1761 744 1794 evasit».

72 1811 284 1846 Azthenaeus
309 1808 539 1859 Ᾰρχτζστροιτος
565 1811 622 1855 δὲ,
651 1816 664 1847 ὁ
692 1815 746 1846 τὸν

73 1865 166 1898 αὐτον
187 1863 439 1921 Σαρδαναπάλῳ
461 1867 559 1906 ζήσας
576 1866 607 1900 ἕξ
600 1880 656 1909 ον,
675 1880 716 1900 πε
720 1866 746 1911 ρὶ

71 1921 126 1950 τοῦ
147 1918 177 1950 ἐν
198 1911 290 1965 1³6<qu
306 1924 421 1964 γαλεοῦ
437 1921 556 1965 λέγων,
576 1933 629 1953 τον
650 1920 745 1953 αὐτον

72 1972 150 2004 εἰναι
167 1971 226 2016 ἦγε
214 1974 296 2006 εἷται
313 1977 359 2017 τῷ
380 1972 470 2018 παρὰ.
490 1966 650 2018 Ρωμοιίςοι
674 1978 746 2018 μετ’

73 2023 175 2057 αὐλῶν
207 2024 261 2058 καὶ
290 2027 496 2071 στεφάνων
484 2027 525 2064 εἰς
554 2025 595 2059 τὰ
625 2024 746 2060 δεῖπνα

71 2079 322 2123 περιφερομένῳ,
342 2080 609 2124 ἐστεφανωμένων
633 2077 671 2112 δὲ
691 2081 745 2112 καὶ

71 2133 134 2162 τῶν
152 2131 304 2175 φερόντων
317 2154 326 2171 ,
345 2133 536 2178 καλούμενον
554 2129 591 2165 δὲ
609 2127 745 2166 Ᾰκιπέν-

72 2194 150 2227 espa.
162 2193 170 2214 :
181 2183 248 2216 hoc
261 2192 312 2217 est
327 2196 357 2217 :«
371 2185 612 2219 Archestratus
629 2194 744 2219 autem

72 2233 130 2267 ille
148 2235 209 2280 qui
229 2236 388 2270 eamdem
409 2238 514 2271 vitam
533 2238 617 2272 vixit
636 2251 744 2284 quam

71 2285 340 2334 Sardanapalus,
357 2289 401 2324 de
420 2292 517 2336 galeo
536 2290 678 2325 Rhodio
697 2292 745 2324 lo-

71 2351 201 2384 quens,
222 2343 395 2377 existimat
416 2343 577 2377 eumdem
594 2357 665 2378 esse
681 2345 743 2390 qui

70 2392 165 2438 apud
193 2395 367 2429 Romanos
395 2409 476 2429 cum
503 2398 596 2431 tibiis
623 2407 657 2431 et
685 2410 743 2430 co-

70 2446 167 2479 ronis
190 2447 226 2480 in
253 2460 385 2481 coenam
411 2450 742 2492 circumferebatur,

71 2500 245 2534 coronatis
271 2500 312 2534 iis
340 2501 443 2534 etiam
471 2503 531 2549 qui
561 2504 740 2542 ferebant,

71 2550 205 2585 dictum
233 2553 515 2598 Acipenserem».
535 2556 609 2589 Ubi
648 2555 744 2590 vides

73 2604 237 2639 incidisse
257 2606 341 2639 olim
362 2607 571 2653 quibusdam
591 2609 624 2642 in
646 2621 743 2642 men-

370 1602 571 1636 Macrobius
585 1602 749 1635 Saturna-

811 970 900 1003 tem,
920 962 1033 995 nihilo
1061 975 1142 995 eum
1169 961 1313 995 differre
1333 975 1350 996 3
1379 964 1486 997 Galeo

810 1015 976 1057 Rhodio;
996 1014 1093 1060 quod
1123 1023 1238 1048 tamen
1268 1016 1304 1048 in
1334 1015 1485 1050 dubium

809 1069 935 1102 merito
954 1069 1142 1102 vocaveris.
1157 1068 1324 1101 Similite1
1343 1069 1486 1114 plurimi

808 1134 889 1155 eum
915 1120 1142 1155 crediderunt
1169 1123 1290 1154 λε’,λοπα
1314 1127 1353 1154 Po
1341 1119 1446 1164 ’;ὃιον
1470 1136 1488 1155 e

809 1175 938 1220 quibus
955 1175 1022 1208 fuit
1044 1175 1159 1220 Appio
1177 1175 1459 1209 Grammaticus
1450 1190 1484 1209 ln

807 1228 927 1261 libello
954 1240 1059 1274 quem
1084 1228 1283 1273 composuit
1301 1227 1346 1261 de
1369 1229 1486 1275 Apicii

806 1280 940 1314 deliciis
951 1290 983 1315 et
993 1282 1144 1315 luxuria.
1157 1280 1225 1315 Sed
1239 1281 1292 1314 his
1302 1282 1417 1315 verbis
1429 1295 1487 1315 ne-

805 1334 959 1380 gatPlin.
972 1335 1033 1368 lib.
1050 1335 1190 1368 XXXII
1201 1360 1210 1375 ‚
1224 1347 1301 1379 cap.
1322 1347 1351 1368 11
1365 1347 1372 1367 :
1387 1336 1488 1369 «Hel-

807 1388 924 1433 lopem
937 1401 1079 1433 quoque
1096 1387 1181 1421 dicit
1198 1400 1269 1421 csse
1288 1389 1419 1421 nostris
1437 1389 1487 1421 in-

807 1441 985 1486 cognitum
1019 1440 1123 1474 undis
1145 1455 1152 1473 2
1187 1454 1228 1474 ex
1249 1454 1319 1487 quo
1343 1450 1486 1487 apparet

806 1494 877 1527 falli
897 1507 956 1527 eos
978 1494 1039 1540 qui
1062 1493 1225 1528 eumdem
1250 1495 1485 1540 acipenserem

807 1547 1139 1589 existimaverunt»,
1158 1555 1224 1581 etc.
1242 1548 1348 1581 Hunc
1368 1558 1483 1582 autem

807 1601 939 1645 piscem
959 1601 1086 1634 mensis
1104 1601 1239 1647 primus
1262 1601 1384 1634 intulit
1406 1602 1484 1635 Gal-

808 1653 922 1686 lonius
952 1667 1068 1699 praeco
1088 1655 1266 1687 Romanus
1279 1680 1289 1695 7
1317 1653 1362 1687 de
1383 1657 1484 1700 cujus

805 1706 885 1751 gula
920 1715 954 1740 et
979 1707 1064 1740 luxu
1091 1707 1203 1739 multi.
1233 1707 1387 1740 Lucilius
1407 1734 1416 1750 ‚
1446 1709 1481 1741 in

807 1760 989 1804 fragment.
1006 1778 1018 1789 «
1028 1760 1059 1792 O
1070 1759 1173 1792 Publi
1187 1772 1308 1804 gurges
1322 1760 1482 1803 Galloni,

807 1825 842 1845 es
857 1813 964 1845 homo
983 1813 1101 1852 miser,
1120 1813 1254 1858 inquit;
1274 1813 1422 1847 Coenasti
1446 1815 1481 1847 in

807 1865 877 1899 vita
898 1878 1080 1911 nunquam
1099 1867 1188 1899 bene
1202 1891 1211 1906 ‚
1230 1878 1339 1911 quum
1366 1868 1483 1900 omnia

805 1918 842 1950 in
863 1919 925 1952 ista
948 1919 1132 1952 Consumis
1151 1919 1276 1964 squilla
1298 1927 1399 1965 atque
1419 1921 1484 1954 nci-

805 1983 961 2016 pensere.
972 1988 984 2000 »
1004 1973 1125 2005 Horat.
1141 1972 1203 2005 lib.
1217 1972 1253 2004 II
1266 1998 1275 2013 ‚
1292 1980 1353 2005 sat.
1371 1973 1424 2014 ΙΙ,
1448 1983 1482 2007 et

805 2024 880 2058 Cic.
903 2025 964 2058 Or.
981 2038 1046 2070 pro
1065 2025 1207 2066 Quinct.

861 2089 889 2111 1.
905 2078 965 2111 Ad
974 2079 1166 2111 Pallacinas.
1181 2078 1257 2111 Hoc
1270 2086 1338 2119 est,
1353 2078 1396 2112 ad
1409 2080 1480 2113 Cae·

804 2142 921 2164 sarum
942 2143 1087 2164 mensas.

861 2197 893 2218 2.
920 2184 1117 2217 Ambrosias.
1142 2184 1217 2217 Hoc
1240 2193 1313 2225 est,
1344 2183 1477 2219 divinas

802 2235 908 2283 dapes
925 2238 1100 2271 Caesarum
1113 2264 1122 2278 ‚
1141 2238 1237 2283 quasi
1251 2239 1479 2271 Deorum.—

802 2290 939 2323 Munera
960 2304 1048 2323 rara.
1070 2291 1204 2324 Plinius
1222 2290 1284 2323 lib.
1306 2291 1357 2323 IX
1370 2317 1379 2332 ,
1400 2303 1475 2337 cap.

808 2355 874 2388 17:
894 2361 906 2374 a
921 2343 1028 2389 Apud
1057 2345 1221 2390 antiquos
1241 2343 1390 2388 piscium
1412 2356 1475 2376 no-

801 2395 991 2430 bilissimus
1009 2397 1150 2430 habitus
1167 2397 1344 2442 acipenser
1356 2422 1364 2437 ‚
1386 2409 1476 2429 unus

803 2449 961 2482 omnium
975 2450 1126 2495 squamis
1138 2448 1182 2483 ad
1195 2462 1232 2482 os
1247 2449 1353 2482 versis
1365 2475 1373 2490 ,
1391 2462 1474 2482 con-

803 2509 856 2535 tra
871 2515 994 2548 aquam
1011 2501 1129 2535 nando
1144 2510 1255 2535 meat:
1268 2502 1367 2534 nullo
1383 2515 1476 2536 nunc

803 2554 841 2587 in
870 2555 1005 2588 honore
1029 2564 1098 2597 est;
1119 2554 1215 2601 quod
1238 2553 1381 2599 quidem
1411 2557 1476 2589 mi-

804 2620 883 2649 ror,
907 2620 1019 2652 quum
1038 2609 1082 2641 sit
1101 2620 1199 2640 rarus
1214 2607 1371 2641 inventu.
1391 2627 1402 2636 ,ι
