1901 3259
285 262 867 306 EPIGRAMMATUM
906 262 1028 305 LIB.
1068 262 1204 304 XIV.

1358 261 1445 322 187

671 410 838 468 XLI.

418 565 669 595 LUGERNA
709 566 1047 596 POLYMYXOS.
1067 546 1086 563 ⁴⁸

122 689 387 732 ILLUSTREM
413 705 545 749 quum
577 698 668 733 tota
692 690 797 733 meis
825 691 1025 733 convivia
1050 690 1251 747 flammis,

192 761 359 819 Totque
389 775 538 819 geram
569 775 743 820 myxas,
772 776 859 804 una
888 759 1065 805 lucerna
1090 777 1238 805 vocor.

124 896 191 948 Εἷς
209 898 351 958 λύχνος
371 899 587 958 κέκλημαι,
613 901 688 959 ἐμῇ
711 899 828 960 φλογὶ
849 899 988 960 καίπερ
1011 903 1142 943 ὅλοισι

192 967 432 1026 Συμποσίοις
453 968 623 1027 φαίνων,
645 969 712 1012 καὶ
729 966 956 1029 πολύμυξος
978 972 1064 1013 ἐών.

109 1101 122 1115 '¹
140 1107 282 1139 Lucerna
309 1107 463 1141 Varroni
497 1107 558 1141 lib.
591 1107 655 1149 IV,
683 1106 726 1141 de

57 1159 175 1204 lingua
194 1159 299 1193 latina
322 1172 340 1192 a
359 1161 425 1193 luce
445 1159 561 1202 dicta3
581 1160 706 1193 merito
719 1185 729 1202 ,

59 1224 175 1257 neque
202 1211 400 1246 audiendus
430 1212 585 1246 Isidorus
618 1213 679 1258 qui
711 1225 729 1246 a

57 1265 163 1298 licinio
189 1264 379 1300 derivatam
402 1274 569 1300 asseverat
589 1277 596 1299 :
621 1278 730 1311 quan-

58 1330 162 1363 quam
175 1318 289 1352 forsan
301 1318 430 1352 mirum
441 1319 542 1352 alicui
556 1317 733 1352 videbitur

60 1370 207 1416 primam
215 1370 252 1404 in
259 1372 384 1404 lucerna
390 1372 535 1417 corripi,
544 1380 607 1405 etc.
616 1379 650 1406 at
658 1384 731 1404 non

61 1424 142 1457 hinc
172 1424 394 1458 manantibus
417 1425 594 1458 vocabulis
623 1425 729 1465 luceo,

60 1477 193 1510 lucidus.
212 1478 258 1510 At
277 1476 326 1511 sic
352 1478 503 1510 humanus
529 1478 572 1510 ab
599 1478 732 1515 humum

55 1528 165 1573 fidus,
191 1529 344 1574 confidere
371 1542 389 1563 a
410 1529 506 1575 fides.
530 1531 662 1564 Caetera
690 1529 733 1564 de

61 1594 186 1627 genere
210 1582 278 1616 hoc
299 1582 386 1616 adeo
413 1591 494 1616 sunt
527 1584 659 1625 multa,
684 1584 736 1617 lo-

63 1647 208 1680 quacem
233 1634 401 1670 delassare
424 1637 539 1670 valent
554 1636 736 1670 Smetium.

64 1688 238 1734 Aigyptiis
250 1701 332 1722 vero
344 1689 567 1723 lucernarum
582 1702 664 1723 usus
680 1689 738 1722 de-

64 1741 138 1774 beri
156 1740 308 1783 videtur,
328 1751 490 1776 narrante
517 1742 668 1775 Eusebio
695 1741 739 1776 (le

65 1794 249 1839 Praeparat.
264 1806 385 1840 evang.
397 1821 406 1835 ‚
424 1793 634 1828 candelabro
654 1807 738 1829 vero

66 1847 236 1891 posterior
243 1847 323 1890 fuit;
333 1856 366 1881 et
374 1848 500 1881 Noster
510 1847 629 1893 paullo
638 1848 741 1882 infra:

70 1917 83 1928 «
99 1899 184 1932 Non
205 1908 308 1933 norat
327 1913 451 1946 parcos
468 1910 575 1934 uncta
598 1901 742 1934 lucerna

67 1952 307 1997 patres.»Vid.
320 1954 507 1988 Athenaeus
525 1962 559 1987 et
576 1965 594 1986 e
610 1961 740 1988 recent.
760 1971 771 1975 2

69 2005 262 2039 Casaubon.
276 2005 313 2038 in
329 2005 570 2040 Animadvers.
586 2006 646 2039 lib.
660 2008 742 2048 XV,

70 2058 129 2090 ubi
152 2057 196 2091 de
222 2058 361 2104 lychnis
386 2068 421 2093 et
442 2059 663 2105 xylolychnis
693 2069 737 2093 at-

68 2123 136 2155 que
142 2111 354 2157 lychnorum
363 2111 566 2146 inventione
574 2113 744 2158 congessit

70 2164 451 2212 inultm—Polynirxos.
463 2166 540 2199 Hoc
559 2174 609 2199 est
620 2192 628 2207 ‚
643 2166 745 2211 plura

70 2217 200 2250 habens
232 2218 409 2263 ellychnia
444 2231 504 2252 seu
537 2219 711 2253 funiculos
733 2245 741 2258 ‚

70 2270 169 2313 μύξας
187 2295 198 2311 ‚
224 2283 266 2304 ex
283 2272 379 2310 πολὺς
399 2280 433 2305 et
456 2272 552 2316 μύξαι.
570 2271 677 2305 Unde
693 2269 744 2305 ὃί-

71 2322 183 2367 μυξος,
213 2323 360 2368 τρίμυξῡς
375 2350 384 2366 ,
412 2325 625 2370 τετράμυξος,
647 2327 745 2359 πολὺ·

71 2376 184 2419 μυξος,
218 2375 287 2409 hoc
316 2385 383 2418 est,
411 2378 552 2412 lucerna
591 2377 746 2411 duorum

71 2427 331 2472 ellychniorum
352 2455 361 2471 ,
387 2430 498 2463 trium
519 2439 553 2464 et
579 2431 745 2476 plurium.

74 2480 170 2519 Μύξα
185 2492 269 2513 vero
283 2481 341 2515 hic
360 2481 454 2516 idem
475 2496 556 2529 ergo
577 2486 749 2528 ἐλλύχνιον,

73 2545 132 2565 seu
148 2533 259 2566 fomes
272 2534 392 2579 lychni
408 2543 442 2568 et
456 2536 624 2570 lucernae:
644 2537 691 2570 ita
708 2545 749 2570 ut

75 2584 110 2616 in
134 2597 203 2618 una
220 2586 361 2620 lucerna
391 2588 506 2633 plures
537 2589 747 2634 lychnuchi,

74 2646 254 2684 rostraque
268 2666 276 2680 ,
298 2652 375 2684 quae
395 2642 564 2675 sustinent
590 2643 643 2675 vel
668 2655 747 2676 can-

787 1107 905 1150 delas,
938 1109 992 1142 vel
1023 1121 1162 1150 cereos3
1196 1117 1234 1142 ut
1262 1110 1466 1156 plerumque

787 1161 938 1206 pensiles
962 1170 1043 1195 sunt
1066 1162 1276 1206 lychnuchi,
1302 1163 1361 1209 qui
1385 1176 1462 1202 sex,

790 1222 922 1259 septem
940 1223 1000 1247 aut
1018 1214 1121 1259 plura
1137 1215 1271 1248 lumina
1290 1215 1325 1248 in
1343 1216 1464 1248 orbem

792 1266 915 1300 ferant.
952 1267 1050 1308 Μύξσι
1080 1280 1164 1300 vero
1200 1267 1296 1313 apud
1329 1268 1469 1303 Graecos

793 1321 934 1365 proprie
957 1329 1007 1353 est
1024 1320 1154 1353 humor
1167 1333 1209 1354 ex
1227 1321 1369 1355 naribus
1388 1335 1467 1367 pro-

792 1372 902 1406 fluens
929 1370 1035 1413 (Julii
1063 1373 1218 1407 Pollucis
1252 1374 1463 1409 Onomastic.

792 1427 894 1471 ῥεῦμοι
924 1429 979 1465 τῆς
1018 1423 1143 1472 ῥινὸς),
1181 1427 1235 1460 vel
1264 1427 1338 1472 ipsa
1364 1428 1467 1462 naris.

794 1479 919 1512 Nonne
935 1491 1018 1525 ergo
1037 1480 1165 1513 mirum
1186 1492 1271 1514 voce
1289 1481 1349 1514 tali
1370 1481 1470 1514 fomi-

793 1540 863 1565 tem
880 1531 1025 1566 indicari
1042 1532 1283 1566 luminosum?
1299 1534 1380 1567 Non
1399 1546 1471 1567 ma·

797 1584 846 1630 gis
857 1597 960 1630 quam
974 1597 1060 1619 voce
1073 1585 1205 1619 Gallica
1218 1586 1287 1619 bees
1300 1588 1334 1620 in
1352 1587 1473 1620 Galliis

797 1650 875 1671 vasa
897 1639 1072 1683 tuhosque
1091 1639 1256 1685 appeHari
1277 1651 1356 1685 quae
1372 1639 1473 1673 flam-

799 1703 890 1723 mam
909 1692 963 1735 ἀφ’
982 1688 1167 1736 ὑδρεγένους
1190 1686 1254 1735 (sic
1274 1701 1403 1726 vocant
1421 1705 1473 1726 re-

798 1756 877 1777 rum
899 1744 1115 1777 naturalium
1137 1742 1254 1785 docti)
1279 1745 1472 1779 enitescen-

799 1804 867 1829 tem
887 1809 1029 1831 vomere
1047 1796 1223 1831 videntur.
1244 1798 1312 1831 En.

858 1860 888 1885 1,
918 1851 1000 1882 Tota
1018 1852 1168 1884 convivia.
1190 1850 1399 1885 Triclinium
1423 1851 1476 1884 in-

801 1901 936 1947 tellige,
961 1903 1023 1936 ubi
1052 1903 1273 1938 celebrantur
1294 1904 1475 1946 convivia3

803 1967 876 1988 rem
893 1967 959 2000 pro
982 1955 1073 1989 loco.

859 2021 890 2041 2.
900 2008 1029 2053 Mysas.
1041 2009 1239 2054 Legebatur
1251 2009 1287 2043 in
1300 2017 1383 2043 vett.
1395 2008 1478 2044 edd.

805 2073 912 2107 myxos
932 2073 1130 2107 perperam.
1154 2066 1244 2096 Nam
1267 2061 1363 2096 aliud
1388 2063 1481 2097 valet

804 2114 934 2148 Graecis
961 2115 1074 2159 μύξος,
1099 2124 1133 2149 et
1150 2114 1194 2149 ad
1221 2128 1296 2149 eam
1323 2128 1399 2149 rem
1429 2116 1480 2148 nil

803 2167 966 2211 pertinet.
990 2169 1053 2201 Tot
1067 2180 1176 2214 myxas
1196 2177 1247 2202 est
1263 2168 1356 2202 idem
1376 2181 1414 2202 ac
1435 2176 1479 2201 tot

797 2221 974 2263 funiculos,
989 2229 1036 2253 tot
1043 2221 1211 2267 εἰζνεὴηὶα.
1223 2221 1328 2268 Apud
1336 2221 1479 2255 Suidam

804 2273 913 2316 λύχνον
935 2274 1032 2307 εἴκεσι
1052 2275 1164 2318 μύξαιε
1186 2275 1368 2308 lucernam
1390 2273 1481 2307 indi-

805 2334 861 2360 cat
888 2325 1011 2371 viginti
1043 2327 1324 2372 ellychniorum,
1348 2328 1384 2360 in
1411 2328 1478 2360 hoc

806 2378 1056 2424 epigrammate
1078 2379 1174 2426 quod
1198 2381 1394 2426 legentibus
1415 2380 1484 2413 for·-

808 2444 867 2465 san
895 2432 953 2465 hic
978 2432 1137 2467 invenire
1160 2441 1296 2478 gratum
1321 2433 1408 2467 erit:
1426 2437 1480 2476 Τῷ

808 2498 846 2529 με
871 2488 1076 2531 Κανωπιστᾷ
1097 2487 1288 2520 Καλλίστιον
1311 2487 1407 2519 εἴκοσι
1426 2486 1486 2530 μύ-

808 2538 874 2577 ξαις
897 2540 1047 2571 Πλούσιον
1069 2541 1088 2574 ἡ
1113 2540 1242 2584 Κριτίου
1263 2541 1372 2582 λύχνον
1394 2539 1483 2573 ἔθηκε

807 2584 949 2633 6εῷ...Ῑ’ἑς
961 2588 994 2623 δ’
1007 2593 1070 2631 ἐμὰ
1081 2593 1179 2636 φέγγη
1194 2586 1348 2636 Ᾱθρτῖσνς,
1362 2591 1483 2635 φήσεις·
1530 2599 1533 2602 “

815 2637 827 2646 'V
1070 2646 1074 2650 .

809 2648 931 2687 Εσπερε
950 2666 958 2682 ‚
976 2648 1041 2682 πῶς
1065 2645 1178 2682 ἐπεσες
1196 2658 1204 2684 3
