2044 3292
856 261 918 304 M.
941 260 1082 304 VAL.
1122 261 1510 306 MARTIALIS

615 347 831 392 Flammas
852 348 1046 410 Jupiter,
1067 357 1112 392 et
1135 358 1282 410 stupet
1306 350 1480 411 superbi

615 420 748 480 Regis
771 418 968 475 delicias,
995 435 1236 480 gravesque
1260 419 1397 464 luxus.

614 492 719 535 Haec
749 499 851 534 sunt
879 489 1064 551 pocula,
1094 506 1189 550 quae
1219 489 1377 534 decent
1400 492 1643 535 Tonantem
1668 507 1677 535 t

616 563 719 606 Haec
746 570 848 605 sunt
865 596 876 617 ‚
901 577 997 622 quae
1019 560 1256 621 Phrygium
1279 560 1435 605 decent
1456 563 1713 606 ministrum.

613 634 781 676 Omnes
804 648 904 676 cum
929 633 1038 675 Jove.
1064 646 1182 674 nunc
1208 647 1358 675 sumus
1383 631 1527 675 beati:

612 704 670 746 At
700 718 841 763 nuper
867 696 1048 762 (pudet,
1078 701 1134 744 ah
1161 701 1298 762 pudet
1326 696 1480 758 fateri)

612 775 779 817 Omnes
804 788 904 816 cum
934 774 1043 816 Jove
1073 788 1289 834 pauperes
1314 788 1501 816 eramus.

470 913 658 947 miratione
676 920 710 946 et
732 919 877 958 stupore
891 910 990 945 videt
1011 923 1047 945 se
1065 924 1151 946 auro

471 967 626 1000 effictum
642 966 857 1011 gemmisque
878 964 1073 998 radiantem
1086 966 1106 998 J
1111 978 1150 998 u-

469 1020 564 1065 piter
578 1020 640 1052 lib.
659 1020 728 1060 XI,
739 1031 855 1064 ep.1v,
866 1031 917 1052 vs.
934 1018 966 1052 3.
979 1018 1068 1060 Alii,
1087 1018 1151 1051 Su-

466 1073 558 1118 perbi
568 1072 923 1117 Regis.—-Scytlzz'cas.
946 1071 1089 1105 Referas
1107 1071 1151 1104 ad

470 1138 605 1167 aurum,
617 1126 671 1158 vel
682 1123 897 1171 smaragdos3
909 1137 990 1157 nam
999 1133 1152 1170 utroque

470 1179 602 1213 clarent
619 1179 755 1224 Riphaei
775 1185 925 1211 montes.
941 1198 990 1204 —
1009 1178 1151 1210 Virentis

470 1235 551 1266 auri.
570 1234 791 1278 Repercussu
810 1230 1074 1276 smaragdorum
1090 1243 1151 1263 au-

469 1286 537 1319 reis
559 1285 772 1330 imaginibus
795 1292 828 1317 et
846 1284 982 1330 poculis
1002 1284 1152 1317 inserto-

469 1351 561 1372 rum.
586 1338 755 1384 Iutelligit
776 1350 860 1383 ergo
881 1350 992 1370 ‹zm-um
1009 1349 1150 1381 gemma-

470 1400 553 1432 tum,
580 1391 679 1438 quod
703 1391 838 1425 virebat
861 1389 1034 1436 Scythicis
1061 1403 1152 1424 sma-

469 1444 604 1491 ragdis,
626 1445 754 1491 quibus
777 1452 913 1477 textum
938 1451 1023 1477 erat.
1045 1443 1151 1477 Aliud

469 1511 553 1532 vero
565 1511 735 1544 gemmeum
749 1498 919 1543 poculum
932 1509 941 1539 ;
956 1495 1051 1530 aliud
1066 1509 1152 1541 gem-

469 1552 690 1585 matum.Nam
699 1563 882 1596 gemmeum,
891 1562 931 1583 ex
940 1562 1007 1583 una
1016 1562 1152 1595 gemma

469 1605 505 1638 in
515 1605 684 1651 poculum
692 1613 809 1638 cavata
818 1631 827 1646 ‚
837 1611 877 1636 ut
887 1602 981 1649 apud
989 1611 1150 1648 poetam:

470 1659 521 1691 Ιιιέ
548 1671 672 1703 gemma
705 1658 803 1691 hibat.
835 1655 902 1690 Sed
932 1664 1123 1702 gemmatum
1139 1683 1148 1696 ‚

470 1713 641 1746 κατάλιθον
655 1739 664 1753 ,
689 1723 834 1745 aureum
856 1718 971 1743 totum
993 1717 1028 1742 et
1055 1722 1151 1754 gem-

469 1765 535 1798 mis
548 1765 733 1798 intextum.
745 1764 953 1797 Persuasum
967 1770 1082 1796 autem
1096 1774 1153 1795 ve-

471 1818 605 1852 teribus
626 1818 692 1851 fuit
710 1817 811 1851 nullo
825 1815 944 1861 lapide
961 1815 1078 1861 aptius
1093 1814 1152 1848 de-

470 1872 584 1905 corari
623 1884 727 1917 quam
768 1868 956 1914 smaragdis
997 1880 1121 1901 aurum
1141 1893 1151 1909 ‚

469 1925 568 1958 nullo
602 1933 674 1957 tam
710 1925 804 1957 hene
834 1921 964 1956 flavum
997 1921 1151 1955 colorem

471 1990 577 2024 quam
594 1976 711 2010 viridi.

528 2035 561 2071 4.
578 2030 736 2076 Superbus
752 2029 789 2062 in
802 2025 883 2061 edd.
901 2035 986 2061 vett.
1003 2027 1152 2072 superbas

472 2084 624 2118 Farnab.

528 2137 561 2171 5.
585 2136 766 2182 Gravesque
783 2134 867 2167 lusus
887 2133 957 2166 alii.
975 2153 1026 2159 --
1042 2133 1149 2178 Regis.

470 2190 688 2230 Domitiani,
721 2200 824 2234 quem
855 2187 976 2221 vivum
1008 2185 1152 2219 summis

471 2243 636 2277 laudibus
653 2242 798 2283 extulit,
813 2241 886 2286 jam
901 2247 1083 2272 mortuum
1099 2240 1152 2272 vi-

472 2305 612 2343 tuperat
632 2297 752 2329 Poeta.
774 2315 828 2320 —--
842 2293 1024 2339 Gravesque
1047 2293 1149 2325 luxus.

471 2351 522 2384 Ut
548 2349 734 2383 adornaret
764 2346 896 2393 templa
914 2372 924 2388 ‚
956 2345 1153 2391 spectacula

471 2403 611 2445 ederet,
634 2411 737 2448 atque
751 2400 820 2434 suis
838 2399 1078 2446 voluptatibus
1099 2399 1153 2431 in·

472 2456 653 2502 dulgeret‚
685 2456 863 2488 Romanos
890 2452 1062 2498 spoliabat
1084 2453 1154 2485 Do-

472 2511 658 2551 mitianus,
686 2505 780 2541 unde
809 2507 882 2553 ejus
910 2505 1007 2539 lusus
1032 2517 1152 2551 graves

471 2572 570 2597 erant
589 2562 737 2609 populo.

528 2619 563 2649 6.
588 2617 670 2649 Haec
688 2622 762 2647 sunt
779 2612 906 2659 pocula,
933 2619 1001 2645 etc.
1019 2610 1049 2643 Ii
1071 2619 1152 2644 sunt

473 2677 623 2704 crateres
638 2694 647 2710 ‚
679 2680 727 2702 eae
759 2674 885 2712 paterae
917 2677 1003 2710 quas
1032 2662 1152 2697 deceat

1210 911 1344 958 pariter
1357 912 1514 957 praebere
1528 911 1770 957 Ganymedem
1781 938 1790 954 ,
1809 913 1893 947 acci·

1209 977 1294 1011 pere
1312 966 1453 1007 Jovem;
1469 965 1710 1011 Ganymedem
1728 966 1801 999 vini
1818 967 1892 1012 ple-

1211 1031 1272 1052 nas
1290 1018 1470 1064 porrigere
1483 1043 1493 1060 ‚
1512 1018 1637 1051 Jovem
1662 1019 1834 1053 exsiccare
1859 1028 1894 1053 et

1211 1083 1336 1105 vacuas
1353 1084 1494 1104 rursum
1515 1070 1666 1104 tradere.

1266 1137 1300 1169 7.
1318 1125 1496 1170 Phrygium
1513 1126 1697 1157 ministrum.
1717 1124 1894 1170 Ganyme·

1210 1176 1290 1210 dem
1306 1189 1452 1222 nempe;
1467 1177 1590 1222 pocula
1606 1178 1798 1211 Domitiani
1811 1178 1893 1211 Jovi

1209 1230 1431 1264 consecravit
1450 1231 1636 1276 Trajanus.

1266 1296 1300 1327 9.
1318 1284 1369 1316 At
1382 1285 1473 1328 piget
1489 1283 1526 1316 in
1542 1295 1651 1328 marg.
1670 1282 1726 1317 ed.
1745 1283 1868 1329 Langii
1885 1310 1894 1325 ,

1211 1336 1290 1369 Par.
1319 1349 1332 1370 1
1342 1337 1362 1370 6
1374 1349 1386 1370 1
1397 1349 1431 1381 7.

1268 1401 1326 1422 10.
1350 1389 1430 1422 Cum
1454 1389 1542 1422 Jove.
1572 1389 1688 1430 Quem
1713 1388 1816 1423 donis
1839 1389 1893 1423 in-

1209 1442 1371 1488 gentibus
1410 1442 1593 1476 exornavit
1626 1443 1808 1488 Trajanus.
1841 1463 1893 1469 —-

1214 1496 1331 1528 Omnes
1356 1508 1424 1528 cum
1445 1496 1523 1529 Jove
1539 1509 1705 1540 pauperes.
1728 1497 1893 1530 Attamen

1209 1549 1273 1582 lib.
1282 1549 1334 1581 IX
1343 1573 1351 1587 ,
1366 1549 1478 1594 epigr.
1490 1561 1540 1590 1v‚
1552 1547 1641 1581 dixit
1652 1549 1755 1582 Poeta
1767 1550 1892 1582 Jovem

1209 1614 1283 1634 non
1302 1602 1377 1634 fore
1392 1601 1561 1635 solvendo
1579 1614 1717 1647 parem,
1737 1602 1765 1636 si
1787 1603 1831 1636 ab
1851 1614 1892 1636 eo

1210 1655 1432 1688 Domitianus
1466 1655 1662 1701 repetiisset
1693 1655 1868 1701 impensas
1880 1681 1889 1695 ,

1209 1720 1295 1752 quas
1316 1708 1351 1741 in
1369 1709 1509 1754 templis
1527 1708 1735 1754 Capitolinis
1753 1710 1891 1742 fecerat.

1209 1761 1338 1794 Melius
1361 1773 1444 1806 ergo
1457 1787 1465 1802 ‚
1482 1770 1521 1794 ut
1540 1761 1691 1806 opinor,
1710 1762 1810 1795 aliter
1830 1774 1890 1795 ex·

1210 1814 1377 1859 plicabis,
1398 1826 1479 1847 cum
1501 1815 1608 1855 Jove,
1629 1814 1698 1847 hoc
1718 1823 1786 1857 est,
1809 1827 1891 1848 cum

1211 1867 1433 1908 Domitiano,
1449 1867 1510 1912 qui
1527 1867 1674 1900 alterum
1691 1867 1817 1901 Jovem
1834 1868 1894 1901 ha·

1210 1920 1286 1953 beri
1301 1931 1336 1953 se
1351 1920 1502 1953 volebat.
1515 1918 1608 1953 Vide
1621 1919 1681 1953 lib.
1695 1921 1762 1960 IX,
1781 1921 1890 1967 epigr.

1211 1984 1348 2006 xxxvn.
1373 1994 1425 1999 —
1446 1973 1592 2006 Fallitur
1618 1973 1677 2006 hic
1706 1973 1892 2019 interpres.

1212 2024 1311 2067 Quid
1333 2025 1426 2058 enim
1447 2038 1568 2059 sensus
1584 2026 1644 2058 ille
1665 2026 1732 2059 sibi
1748 2027 1841 2068 vult,
1859 2035 1892 2060 et

1212 2090 1281 2124 qua
1305 2078 1442 2112 ratione
1464 2091 1547 2112 cum
1571 2078 1623 2111 his
1646 2078 1794 2124 quadrat
1815 2092 1892 2126 quae

1211 2129 1439 2176 praecedunt?
1450 2130 1630 2177 quomodo
1640 2144 1832 2178 pauperem
1845 2145 1893 2166 as-

1211 2196 1369 2218 severare
1401 2193 1517 2230 potest
1549 2184 1787 2219 Domitianum
1802 2211 1810 2227 ,
1835 2186 1891 2219 cui

1212 2237 1328 2270 onmia
1353 2238 1495 2283 objicias
1517 2238 1617 2278 licet,
1636 2237 1697 2271 sed
1715 2251 1787 2272 non
1809 2239 1891 2272 sim-

1211 2291 1408 2336 plicitatem
1418 2290 1895 2337 nimiamPRespiciaturtan·

1214 2352 1289 2378 tum
1312 2343 1355 2378 ad
1373 2357 1406 2378 v.
1428 2348 1448 2384 4
1469 2352 1503 2378 et
1521 2344 1538 2378 5
1556 2355 1564 2377 :
1581 2361 1594 2374 ιι
1613 2344 1754 2390 Jupiter
1775 2353 1892 2390 stupet

1213 2397 1355 2443 superbi
1377 2397 1467 2442 regis
1483 2396 1674 2440 deliciasQn
1699 2398 1746 2431 At
1763 2398 1891 2430 Jovem

1213 2463 1316 2495 supra
1327 2449 1414 2484 dixit
1424 2450 1573 2484 ditatum
1584 2462 1601 2482 a
1612 2450 1784 2496 principe.
1793 2449 1891 2492 Quid

1213 2502 1298 2536 inde
1309 2504 1323 2536 ?
1334 2503 1465 2537 Vivum
1478 2502 1697 2545 adulabatur,
1712 2512 1891 2537 mortuum

1212 2556 1324 2602 carpit
1334 2569 1344 2599 ;
1354 2557 1559 2602 mirumque
1569 2568 1649 2590 sane
1660 2565 1710 2590 est
1718 2583 1727 2599 ‚
1739 2557 1890 2602 aliquem

1211 2609 1260 2643 sic
1282 2610 1451 2649 converti,
1468 2618 1503 2643 et
1516 2618 1555 2644 ut
1567 2609 1675 2649 aiunt,
1690 2606 1889 2644 παλινωδίαν

1212 2671 1364 2698 cantare.
1387 2663 1456 2696 En.
