2044 3292
517 175 612 221 288

870 177 930 220 M.
970 178 1111 221 VAL.
1151 176 1535 221 MARTIALIS

1032 325 1403 385 CCXVIII.

900 483 1109 512 CALAMI
1157 482 1533 512 AUCUPATORII.

587 607 695 650 NON
724 614 896 649 tantum
925 602 1101 648 calamis
1116 637 1128 659 ‚
1150 603 1225 648 sed
1250 613 1380 647 cantu
1404 602 1566 647 fallitur
1586 602 1692 659 ales,

659 674 822 720 Pallida
846 674 950 718 (lum
973 675 1105 718 tacita
1125 674 1282 719 crescit
1303 673 1472 718 arundo
1494 689 1639 718 manu.

592 819 652 860 Οὐ
673 816 869 876 καλάμοις
891 817 1009 876 μόνον
1032 817 1133 878 ὅρνις
1153 815 1379 872 ἁλίσκεται,
1398 815 1503 859 ἀλλὰ
1522 815 1589 859 καὶ
1608 810 1715 874 ᾠδῇ,

660 888 805 947 Χερσὶν
829 890 900 937 ἕως
926 882 1106 948 δολεραῒς
1132 883 1295 938 αὔξεται
1316 885 1396 935 ἦκα
1420 882 1556 936 δόναξ.

579 1040 612 1060 2.
627 1025 757 1060 Callida
775 1024 856 1059 edd.
876 1025 954 1058 Par.
977 1026 1196 1070 1617‚Ba7·b.

522 1080 635 1114 Maitt.
652 1091 726 1112 non
742 1079 903 1124 pessime.
915 1078 1105 1111 —Pallida
1125 1079 1198 1112 dum

527 1135 635 1166 tacita.
663 1133 799 1178 Auceps
829 1131 893 1164 sub
917 1131 1040 1164 arbore
1061 1131 1198 1165 latitans

527 1186 695 1219 invitabat
720 1193 823 1218 cautu
849 1196 947 1225 aves,
975 1184 1102 1229 quibus
1128 1186 1198 1229 jam

527 1238 641 1272 arbori
655 1237 903 1279 insidentibus,
914 1237 1004 1270 infra
1013 1237 1198 1282 paullatim

527 1303 719 1337 assurgenS,
741 1291 884 1325 viscatas
901 1289 1015 1336 virgas
1035 1290 1199 1335 subjicie-

1257 1026 1333 1067 bat,
1348 1025 1592 1071 capiebatque:
1609 1033 1644 1058 et
1662 1024 1730 1057 hoc
1746 1031 1812 1064 est,
1832 1022 1926 1068 quod

1257 1079 1362 1112 Poeta
1375 1078 1461 1111 dicit
1474 1090 1626 1112 crescere
1644 1075 1849 1110 arundinem
1868 1087 1927 1108 seu

1258 1132 1391 1177 virgam
1404 1155 1415 1171 ‚
1437 1130 1522 1165 dum
1543 1129 1709 1176 paulatim
1731 1129 1773 1162 ab
1793 1140 1926 1173 aucupe

1259 1185 1295 1218 in
1308 1183 1434 1229 digitos
1449 1183 1578 1230 pedum
1593 1190 1753 1227 surgente
1766 1181 1904 1215 tollitur
1915 1205 1926 1220 .,

1258 1237 1445 1282 aviumque
1477 1235 1623 1282 pedibus
1655 1235 1838 1281 subjicitur
1851 1260 1860 1275 ‚
1891 1241 1929 1266 ut

1259 1302 1414 1324 crescere
1434 1290 1561 1324 sensim
1582 1287 1752 1322 videatur.
1775 1286 1929 1322 Raderus.

1085 1423 1378 1483 CCXIX.

1008 1583 1114 1612 con
1152 1562 1457 1612 BUBULUM.*

598 1692 789 1736 PAUPER
820 1689 1084 1735 caussidicus
1099 1725 1111 1746 ‚
1141 1689 1283 1735 nullos
1305 1689 1537 1734 referentia
1559 1705 1761 1733 nummos

668 1761 875 1806 Carmina
900 1777 1035 1822 quum
1061 1761 1246 1817 scribas;
1270 1762 1420 1822 accipe
1446 1776 1542 1818 cor,
1562 1760 1681 1821 quod
1705 1758 1851 1803 habes.

585 1897 600 1910 '¹
624 1898 690 1932 Cor
709 1898 867 1932 bubulum.
889 1897 1076 1943 Multiplex
1094 1897 1205 1932 varia-

533 1952 584 1986 tio
600 1950 668 1984 hoc
685 1951 778 1985 loco.
799 1967 813 1981 α
830 1949 908 1984 Ald.
928 1949 982 1984 ed.
1011 1963 1025 1984 1
1037 1951 1121 1995 517.
1142 1949 1207 1984 Cor

536 2004 680 2037 bubulum
699 2004 805 2037 habet
818 2029 827 2044 ‚
852 2002 948 2049 quod
968 2003 1072 2037 etiam
1093 2004 1203 2037 Turn.

534 2057 605 2098 IX,
624 2069 638 2090 1
649 2061 668 2097 4
687 2069 722 2091 se
736 2057 905 2103 reperisse
919 2056 1051 2090 scribit.
1065 2056 1206 2102 Lipsius

534 2121 617 2143 vero
638 2111 674 2152 Ι,
697 2110 798 2155 epist.
822 2110 840 2143 5
861 2109 946 2155 legit
965 2109 1151 2151 Corculum,
1172 2118 1206 2143 et

535 2163 682 2208 cot-quod
695 2163 814 2196 abest.»
830 2163 882 2196 Ita
899 2175 1009 2208 marg.
1023 2162 1079 2196 ed.
1098 2163 1205 2197 Paris.

539 2227 554 2249 1
564 2218 584 2248 6
593 2227 606 2248 1
617 2227 650 2260 7.
664 2215 831 2248 Corculum
846 2214 927 2248 edd.
940 2224 1024 2249 vett.
1035 2224 1068 2249 et
1078 2215 1207 2261 Delph.

537 2267 748 2302 Cot-bubulum
764 2268 880 2314 jungit
893 2268 995 2302 Barb.
1013 2267 1067 2301 ed.
1085 2267 1208 2301 Corbu-

536 2321 597 2354 lum
607 2319 684 2354 cod.
699 2319 904 2355 Beverlandi
917 2347 926 2363 ‚
942 2322 1003 2366 qui
1017 2321 1095 2355 vult
1111 2320 1208 2366 quod

535 2386 599 2407 nos
613 2373 770 2419 legimus.
784 2391 797 2403 α
809 2373 1015 2419 Legendum
1035 2374 1157 2420 plane,
1169 2383 1208 2408 ut

536 2438 699 2460 excusum
711 2427 842 2472 ubique
854 2435 905 2460 est
915 2453 924 2468 ‚
938 2440 992 2460 cor
1005 2427 1090 2473 quod
1099 2427 1206 2469 habes,

536 2488 669 2513 servato
699 2480 807 2513 titulo
837 2480 947 2514 veteri
978 2479 1042 2513 Cor
1065 2479 1171 2513 bahal.
1190 2497 1204 2510 n

538 2533 595 2565 Sic
613 2533 686 2566 fere
702 2533 891 2566 Flosculus.

1319 1911 1351 1931 2.
1384 1896 1504 1942 Accipe
1536 1910 1599 1931 cor.
1632 1897 1708 1931 Hoc
1740 1904 1812 1938 est,
1836 1896 1935 1930 bovis

1264 1963 1325 1984 cor
1342 1949 1543 1996 stupidum,
1562 1950 1663 1996 quale
1684 1957 1723 1983 tu
1740 1949 1814 1995 ipse
1831 1949 1936 1982 habes

1265 2005 1338 2038 sive
1352 2016 1462 2049 quum
1480 2003 1516 2037 in
1531 2004 1609 2037 foro
1625 2015 1744 2036 causas
1763 2002 1850 2048 agis,
1865 2002 1937 2035 sive

1264 2069 1372 2103 quum
1390 2069 1510 2091 versus
1534 2056 1678 2097 scribis,
1701 2067 1814 2100 neque
1842 2054 1934 2087 enim

1266 2123 1311 2143 ex
1326 2110 1395 2151 his,
1409 2121 1523 2155 neque
1538 2122 1578 2142 ex
1596 2109 1663 2141 hoc
1680 2108 1784 2141 ullam
1806 2107 1936 2140 utilita-

1266 2171 1335 2196 tem
1352 2162 1513 2208 percipis.
1525 2160 1618 2194 Vide
1631 2160 1675 2195 ad
1691 2161 1752 2194 lib.
1773 2162 1809 2202 1,
1828 2160 1936 2206 epigr.

1268 2227 1402 2262 pxxvn.
1415 2215 1481 2248 Vel
1498 2214 1644 2260 intelligi
1660 2222 1775 2260 potest
1795 2212 1937 2247 demen-

1268 2276 1352 2310 tem,
1363 2280 1422 2301 seu
1435 2280 1507 2301 non
1520 2266 1702 2301 cordatum
1713 2266 1828 2300 virum
1840 2266 1938 2299 illum

1268 2333 1359 2362 esse,
1379 2321 1439 2366 qui
1454 2347 1463 2362 ‚
1491 2320 1613 2354 relicto
1639 2320 1715 2354 foro
1742 2319 1802 2353 ubi
1832 2330 1939 2364 pauca

1267 2372 1425 2419 quaedam
1446 2374 1666 2416 lucrabatur,
1687 2372 1838 2406 carmina
1855 2371 1940 2405 scri-

1267 2427 1365 2460 beret
1375 2439 1600 2460 nummorum
1612 2426 1716 2459 etiam
1727 2425 1842 2458 minus
1852 2424 1939 2457 refe-

1269 2480 1378 2513 rentia
1389 2493 1398 2521 ;
1410 2480 1458 2513 sic
1474 2480 1576 2513 tacite
1585 2478 1682 2513 dolet
1697 2478 1800 2512 Poeta
1812 2485 1846 2510 et
1861 2488 1940 2509 con-

1270 2534 1428 2577 queritur
1439 2545 1536 2566 suam
1550 2532 1658 2578 ipsius
1673 2537 1921 2576 paupertatem.
