1901 3259
336 239 907 284 EPIGRAMMATUM
945 240 1070 282 LIB.
1110 239 1247 281 XIV.

1392 252 1489 298 219

689 389 880 448 XCV.

431 548 633 577 PHIALA
671 548 852 578 AUREA
889 528 1144 578 clauum*

152 672 376 728 QUAMVIS
395 669 589 715 Callaico
610 669 791 713 rubeam
817 686 1029 731 generosa
1053 669 1253 725 metallo,

222 741 402 786 Glorior
426 751 518 785 arte
539 741 677 801 magis
700 758 709 783 ε
733 756 836 784 nam
858 741 986 802 Myos
1015 742 1095 785 iste
1120 740 1255 785 labor.

154 881 201 923 Ei
232 882 298 923 καὶ
324 883 559 923 Καλλαϊκοῦ
584 881 760 938 πέλομαι
784 880 962 939 γέννημα
988 879 1216 939 μετάλλου,

221 953 453 1011 Καυχῶμαι
483 952 628 1010 τέχνῃ,
659 955 734 992 τοῦ
757 949 875 999 Μυὸς
901 948 1001 992 οὖσα
1026 950 1160 1001 πόνος.

134 1092 149 1105 '⁶
173 1092 300 1126 Divitis
332 1092 398 1124 viri
430 1103 577 1129 munus,
603 1098 643 1122 ut
669 1101 757 1135 quos

80 1145 238 1192 proxime
270 1144 469 1178 videbimus
497 1142 670 1176 indicatos
686 1143 757 1175 Va-

80 1199 159 1232 tinii
169 1199 305 1241 calices,
321 1209 530 1243 pauperum.
546 1196 671 1230 Genus
685 1203 759 1228 erat

80 1252 223 1285 crateris
253 1252 413 1297 patulum
442 1259 476 1283 et
501 1248 632 1295 grande
655 1249 758 1289 satis,

79 1305 209 1351 poculo
221 1304 404 1338 communi
417 1311 509 1337 certe
522 1301 697 1348 grandius.
713 1302 759 1334 At

81 1359 229 1391 voluere
248 1358 361 1392 Graeci
382 1356 511 1390 dictam
531 1369 607 1389 eam
628 1355 759 1400 φιάλην,

80 1411 178 1457 quasi
197 1411 335 1451 πιάλην,
360 1423 421 1456 per
443 1410 623 1443 literarum
645 1416 759 1441 muta-

80 1465 232 1505 tionem,
251 1472 291 1496 ut
310 1464 354 1496 sit
376 1465 395 1499 ἡ
425 1465 460 1496 τὸ
488 1464 623 1495 πιεῖν
655 1463 759 1499 ἅλις

79 1520 280 1563 παρέχουσα..
292 1517 380 1557 Quae
391 1515 573 1557 derivatio,
586 1514 758 1561 quamvis,

80 1579 121 1604 ut
130 1570 357 1616 antiquorum
373 1570 446 1602 fere
459 1581 594 1609 omnes,
609 1567 759 1601 absurda

81 1636 122 1657 eo
140 1622 367 1656 existimanda
379 1623 423 1656 sit
435 1621 530 1668 quod
545 1621 759 1668 syllabarum

81 1677 271 1722 unicuique
296 1676 406 1709 velint
438 1687 543 1708 unam
565 1674 759 1720 simplicem

81 1742 202 1763 vocem
215 1728 438 1775 respondere,
450 1727 487 1760 id
497 1727 676 1772 indigitat,
690 1739 760 1760 ma-

81 1781 266 1828 gnitudine
292 1781 481 1815 notabilem
508 1781 620 1826 φιάλην
642 1780 758 1813 fuisse.

81 1836 111 1868 E
138 1835 268 1868 Tuscia
295 1846 381 1867 vero
418 1846 467 1867 eae
502 1834 606 1878 vulgo
643 1832 759 1865 mitte-

81 1889 212 1921 bantur
233 1900 309 1933 quae
328 1899 442 1920 aureae
457 1887 511 1919 vel
529 1898 614 1919 auro
635 1884 760 1918 distin-

81 1949 156 1974 ctae.
170 1941 357 1974 Athenaeus
369 1965 379 1982 ,
397 1940 457 1972 lib.
474 1940 491 1971 I
507 1951 515 1972 ε
534 1939 696 1984 Τυρσηνὴν
720 1935 759 1971 δὲ

81 1997 193 2039 κρατεῖ
203 1995 403 2039 χρυσότυπος
416 1993 530 2038 <ptest-123
543 1992 613 2025 hoc
625 2000 692 2032 est,
709 1991 760 2024 Ex

81 2059 168 2080 auro
184 2047 334 2092 sculptas
349 2046 476 2079 Tuscia
492 2044 552 2078 dat
569 2044 713 2090 phialas.

140 2112 172 2133 1.
194 2100 345 2143 Quamvis
369 2099 513 2132 Callaico
527 2125 535 2138 ‚
558 2106 623 2132 etc.
647 2099 726 2143 Ipsa
742 2109 761 2130 a

82 2153 189 2186 Poeta
214 2153 273 2186 hic
298 2151 485 2185 inducitur
507 2151 625 2196 phiala
655 2163 760 2184 aurea

82 2206 228 2251 loquens
259 2213 294 2238 et
332 2204 376 2238 tle
407 2217 443 2238 se
479 2204 658 2248 gloriatur,
692 2216 761 2249 qua

82 2271 188 2300 auro,
213 2271 283 2303 qua
312 2266 404 2298 arte,
431 2270 555 2291 aurum
583 2270 710 2302 nempe
742 2270 760 2290 a

82 2312 162 2344 loco
176 2310 424 2344 commendans
442 2319 476 2344 et
491 2319 601 2344 artem
619 2311 662 2344 ab
679 2309 760 2343 arti-

81 2364 156 2397 ficis
176 2364 331 2398 nomine.
352 2364 470 2404 Licet,
491 2363 607 2408 inquit
626 2363 759 2409 phiala,

83 2416 146 2449 sim
167 2417 328 2450 confecta
347 2429 388 2450 ex
406 2429 490 2449 auro
511 2417 664 2450 Callaico
681 2429 761 2462 pre-

83 2469 270 2502 tiosissimo
305 2478 339 2502 et
377 2468 511 2503 idcirco
550 2469 758 2514 pretiosissi-

84 2535 175 2554 mam
194 2534 249 2555 me
265 2523 342 2567 jure
364 2534 440 2555 meo
459 2521 626 2563 dixerim,
643 2530 758 2555 tamen

82 2575 302 2619 praestantior
317 2588 394 2608 sum
407 2583 554 2620 propter
571 2575 757 2608 artificium

818 1089 933 1134 Myos,
944 1089 1154 1123 nobilissimi
1168 1090 1498 1124 artificis.Videatur

817 1142 921 1176 infra.
933 1163 986 1168 —-
1001 1143 1157 1176 Callaico.
1172 1143 1248 1176 Hoc
1267 1152 1334 1184 cst,
1351 1144 1498 1189 hispano

819 1204 927 1235 auro3
962 1195 1104 1229 Callaici
1132 1196 1226 1229 enim
1254 1196 1411 1241 gentium
1444 1197 1499 1229 hi-

819 1261 1007 1294 spanarum
1034 1262 1103 1282 una
1126 1250 1240 1285 fuere,
1264 1258 1340 1282 tum
1366 1250 1498 1282 incola·

818 1314 899 1335 rum
919 1315 1069 1335 numero
1097 1310 1131 1336 et
1163 1302 1377 1336 fortitudine
1392 1328 1401 1343 ,
1423 1311 1499 1335 tum

819 1355 883 1388 soli
903 1354 1090 1388 latitudine
1111 1363 1146 1389 et
1164 1357 1325 1389 ubertate
1347 1356 1499 1389 celeber-

817 1408 1203 1442 rima.Tarraconensis
1218 1409 1417 1454 provinciae,
1432 1421 1498 1454 qua

819 1461 932 1506 vergit
949 1462 1007 1495 illa
1028 1463 1062 1495 in
1082 1461 1305 1495 occidentem
1325 1471 1358 1495 et
1377 1463 1499 1495 Atlan-

820 1514 928 1548 ticum
950 1515 1150 1556 Oceanum,
1169 1524 1322 1548 extrema
1338 1515 1375 1548 in
1402 1523 1501 1561 parte

819 1567 884 1601 sita
906 1576 997 1609 erat,
1030 1576 1064 1602 et
1097 1568 1277 1614 regionem
1308 1568 1500 1614 occupabat

820 1633 897 1666 quae
911 1621 1092 1667 paulisper
1108 1622 1294 1655 immutato
1305 1621 1449 1654 nomine
1465 1629 1500 1654 et

819 1675 976 1707 emollito
991 1673 1274 1707 duriuscularum
1288 1674 1501 1719 syllabarum

819 1739 905 1759 sono
931 1727 1120 1768 GaHoecia,
1141 1726 1273 1760 deinde
1296 1727 1409 1761 Galice
1439 1739 1501 1772 ap-

821 1779 949 1825 pellata
971 1788 1032 1813 est.

877 1845 908 1866 2.
926 1833 1021 1878 lllyos
1038 1834 1095 1865 iste
1109 1833 1209 1866 labor.
1227 1850 1240 1863 «
1255 1834 1365 1866 Antea
1380 1832 1500 1878 inepte

818 1886 1000 1931 legebatur
1020 1899 1103 1918 meus
1125 1888 1182 1918 iste
1204 1886 1302 1919 labor.
1324 1903 1336 1915 »
1360 1885 1500 1918 Schrev.

820 1939 879 1972 Sic
902 1937 983 1972 edd.
1003 1947 1087 1972 vett.
1111 1947 1147 1972 et
1165 1939 1281 1972 Maitt.
1297 1958 1350 1963 —
1369 1938 1503 1972 Glorior

819 1999 888 2024 arte
913 1994 1025 2036 magis.
1052 1992 1162 2033 Quasi
1187 1991 1366 2025 diceretur
1393 1991 1504 2024 Mate-

820 2047 900 2077 riam
931 2047 1090 2090 superavit
1108 2058 1197 2090 opus.
1226 2045 1360 2086 Quanti
1384 2053 1501 2078 autem

819 2097 1054 2143 quorumdam
1077 2110 1221 2144 operam
1253 2106 1287 2130 et
1321 2097 1500 2142 ingenium

819 2151 857 2184 in
881 2150 1042 2185 caelandis
1067 2152 1121 2184 vel
1148 2151 1407 2196 pretiosissimis
1428 2163 1499 2184 me-

820 2205 910 2238 tallis
921 2205 1066 2238 Veteres
1095 2204 1262 2245 fecerint,
1286 2217 1356 2237 uno
1385 2216 1500 2236 exem-

821 2258 881 2302 plo
910 2257 1161 2292 declarabitur.
1190 2258 1250 2290 Ait
1274 2257 1410 2289 Plinius
1440 2257 1498 2289 lib.

821 2311 1001 2344 XXXIIII
1014 2337 1022 2352 ,
1039 2322 1113 2356 cap.
1138 2323 1178 2343 12
1192 2336 1201 2351 ,
1217 2323 1235 2343 a
1253 2310 1375 2343 Pithea
1395 2309 1498 2342 factas

820 2363 892 2397 duo
922 2363 1056 2409 phialas
1085 2376 1162 2409 quae
1194 2375 1306 2409 quum
1337 2363 1498 2395 binarum

821 2417 1004 2449 unciarum
1028 2416 1186 2462 pondere
1211 2423 1324 2449 essent
1340 2440 1350 2455 .,
1375 2415 1498 2459 viginti

823 2470 936 2503 unciis
966 2470 1138 2503 aestimatae
1162 2471 1317 2502 fuerunt.
1336 2489 1387 2493 ——
1405 2467 1498 2511 Myos

819 2525 876 2555 iste
901 2523 1000 2555 labor.
1025 2522 1180 2555 Celebris
1199 2521 1360 2560 artificis,
1383 2529 1420 2553 ut
1438 2520 1498 2554 lib.

820 2577 911 2609 VIII
925 2602 933 2617 ‚
955 2575 1064 2621 epigr.
1086 2588 1140 2608 xv.
