2044 3292
543 270 634 314 180

911 268 971 310 M.
994 269 1137 311 VAL.
1177 266 1565 311 MARTIALIS

1102 416 1373 472 XXVII.

1000 570 1280 599 MATTIACAE
1320 570 1465 599 PILAE.

602 699 649 742 S1
678 706 844 741 mutare
872 709 998 756 paras
1025 694 1269 755 longaevos‚
1299 710 1432 749 cana,
1459 693 1662 756 capillos;

674 767 830 827 Accipe
856 766 1086 810 Mattiacas
1107 760 1221 826 (quo
1246 765 1347 821 tibi,
1369 761 1548 819 calvaP)
1572 765 1692 826 pilas.

598 908 767 955 Ζητοῦσ’
796 900 967 955 ἀλλάξαι
998 907 1141 953 πολιὴν
1168 904 1289 965 τρίχα
1319 902 1397 960 (σοὶ
1424 900 1493 959 δὲ,
1519 908 1726 966 φαλακρῆ,

665 979 815 1020 Οὐκέτι
840 970 927 1033 δεῖ)
957 970 1069 1026 δέξαι
1094 976 1257 1035 σφαιρία
1282 975 1525 1020 Ματτιακοί.

581 1129 612 1150 2.
638 1115 729 1161 Quid
753 1116 812 1148 tibi
837 1115 872 1148 in
907 1127 1016 1160 marg.
1044 1113 1100 1148 ed.
1123 1114 1200 1148 Par.

530 1172 641 1215 1617.
656 1190 707 1196 ——
724 1170 844 1214 Accipe
862 1168 1045 1201 Mattiacas.
1063 1167 1200 1201 Turne-

523 1224 591 1266 bus
603 1222 664 1256 lib.
680 1222 730 1254 IX
741 1247 750 1262 ,
763 1233 838 1266 cap.
858 1221 917 1261 23,
935 1221 1106 1253 Mattiacas
1116 1220 1202 1264 pilas

528 1273 780 1321 interpretatur
796 1273 935 1318 saponis
948 1271 1125 1318 quoddam
1136 1273 1204 1306 vile

523 1340 651 1374 genuS,
679 1340 750 1373 quo
777 1326 879 1360 tincti
906 1326 1023 1371 capilli
1045 1325 1122 1359 cani
1148 1325 1203 1358 ni-

526 1390 700 1427 grescunt.
724 1379 894 1413 Mattiacae
916 1391 934 1411 a
954 1378 1119 1411 Mattiaco
1139 1389 1203 1423 op-

527 1433 610 1480 pido
638 1432 855 1472 Germaniae,
885 1431 1005 1464 Baden.
1039 1431 1095 1464 Sic
1127 1430 1207 1463 Far-

1259 1114 1393 1148 nabius.
1430 1114 1582 1148 Ortelius
1622 1126 1705 1148 vcro
1745 1126 1939 1159 congruere

1262 1167 1309 1200 ait
1323 1179 1404 1200 cum
1418 1167 1643 1212 Illarpurg.—
1654 1167 1727 1211 Quo
1742 1167 1811 1207 tihi,
1824 1167 1912 1200 calva
1923 1172 1941 1199 :³

1264 1220 1378 1260 Quem
1393 1218 1437 1253 ad
1453 1232 1557 1253 usum
1572 1228 1687 1252 tamen
1701 1245 1710 1260 ,
1728 1219 1756 1252 si
1770 1220 1864 1253 calva
1878 1232 1913 1253 es
1925 1221 1940 1252 P

1264 1273 1466 1317 Alloquitur
1483 1285 1607 1318 nempe
1621 1284 1706 1306 anus
1723 1284 1845 1306 omnes
1860 1285 1940 1318 poe-

1264 1333 1319 1366 tn3
1344 1337 1426 1358 mox
1454 1325 1565 1358 calvas
1590 1337 1662 1358 esse
1691 1324 1856 1370 quasdam
1881 1336 1938 1358 co-

1263 1378 1347 1423 gitat
1364 1403 1373 1418 ,
1407 1377 1531 1411 inutile
1570 1390 1653 1423 ergo
1691 1378 1939 1412 munusculum

1266 1442 1365 1463 suum
1382 1457 1391 1471 ‚
1409 1439 1442 1464 et
1461 1430 1528 1463 hoc
1547 1430 1659 1476 ipsum
1681 1429 1781 1465 ridet.

1097 1566 1380 1622 XXVIII,

1090 1702 1391 1752 UMBELLA.⁸

603 1854 770 1896 Aecum
795 1865 890 1909 quoe
916 1848 1072 1891 nimios
1097 1847 1275 1891 vincant
1298 1846 1551 1890 umbracula
1577 1846 1709 1901 soles,

665 1922 728 1965 Sit
754 1919 854 1964 licet
878 1927 922 1962 et
946 1928 1126 1972 ventus,
1153 1927 1195 1961 tc
1221 1927 1296 1961 tua
1321 1916 1416 1961 vela
1441 1928 1599 1979 tegent.

605 2059 801 2118 Δέχνυσαι
827 2059 1007 2103 ἠλιακοῖο
1033 2055 1209 2115 θέριςρον
1234 2056 1441 2113 καύματος
1471 2052 1624 2114 ἄλκαρ,

672 2126 756 2170 Καὶ
784 2131 898 2186 ῥιπῆς
923 2125 1076 2184 ἀνέμων
1106 2125 1167 2168 σοὶ
1196 2127 1346 2175 σκέπας
1375 2125 1597 2184 ἐσσόμενον.

584 2262 599 2278 ⁴¹
624 2265 778 2300 Umbella.
797 2262 930 2297 Gallice
945 2262 1087 2308 parasol.

590 2331 621 2353 1.
643 2319 726 2364 Quae
747 2318 858 2350 nimios
879 2317 1012 2348 vincant
1026 2314 1205 2347 umbracula

532 2374 622 2408 soles.
650 2371 756 2412 Vela,
775 2369 906 2416 quibus
923 2366 1207 2401 circumdabatur

531 2427 706 2461 theatrum
719 2449 729 2465 ‚
753 2422 837 2456 dum
863 2421 1112 2455 exhiberentur
1132 2431 1206 2465 spe-

530 2478 681 2520 ctacula,
696 2473 884 2522 aliquando
897 2482 1003 2508 vento
1019 2473 1205 2506 vehemen-

532 2532 613 2567 tiori
630 2531 753 2576 agitata
771 2529 879 2562 solem
895 2526 1145 2568 admittebant,
1162 2525 1205 2559 ad

531 2583 630 2632 quod
640 2581 831 2618 arcendum
845 2578 1110 2614 incommodum
1125 2591 1203 2612 um-

530 2638 620 2672 bella
641 2645 714 2670 erat
734 2633 929 2669 utilissima.
955 2633 1081 2667 Sensus
1096 2644 1201 2677 ergo:

532 2689 650 2724 Sicubi
661 2688 802 2735 publica
813 2686 1004 2721 defecerint
1018 2686 1052 2719 in
1063 2685 1203 2719 theatris

1265 2261 1340 2294 vela
1352 2287 1361 2302 ,
1380 2261 1491 2295 ventis
1513 2262 1669 2296 revoluta
1682 2288 1691 2304 ‚
1714 2263 1788 2296 vela
1805 2263 1939 2308 privata

1263 2313 1413 2348 subinde
1433 2323 1572 2349 arceant
1592 2315 1719 2349 nimios
1736 2315 1816 2349 solis
1837 2315 1939 2350 ardo-

1264 2379 1317 2400 res
1328 2393 1338 2408 ,
1351 2367 1517 2413 ventique
1530 2368 1612 2401 vim.
1635 2368 1780 2402 Umbella
1791 2367 1884 2403 dicta
1895 2369 1940 2403 ab

1263 2420 1388 2454 umbra
1401 2433 1505 2466 quam
1517 2421 1615 2463 facit,
1628 2421 1758 2456 Graecis
1769 2419 1915 2456 σκιάδιον
1932 2434 1939 2455 :

1265 2473 1406 2506 feminis
1421 2473 1527 2508 hodie
1543 2475 1778 2510 nobilioribus
1794 2474 1939 2516 usitata,

1264 2527 1427 2572 frequens
1446 2527 1481 2560 in
1502 2527 1601 2562 Italia
1618 2541 1626 2562 :
1642 2536 1746 2574 caput
1762 2528 1859 2562 velut
1874 2540 1936 2562 cae-

1262 2579 1336 2612 lum
1369 2579 1548 2625 quoddam
1577 2580 1811 2627 undequaque
1841 2580 1935 2626 tegit.

1319 2645 1352 2665 2.
1375 2632 1437 2666 Sit.
1462 2633 1531 2666 Alii
1558 2633 1605 2668 Si.
1629 2654 1680 2660 —-
1702 2635 1748 2667 Te
1778 2642 1831 2667 ma
1861 2633 1932 2666 ‘vela

1263 2693 1374 2727 tegent.
1395 2686 1469 2720 Hoc
1494 2695 1563 2726 est,
1583 2695 1639 2721 tua
1662 2686 1823 2720 umbella.
