1901 3259
312 225 903 270 EPIGRAMMATUM
941 224 1063 267 LIB.
1105 223 1250 265 XIII.

1391 237 1479 281 127

655 377 899 432 LXIII.

704 533 856 561 CAPO.

144 660 211 702 Nn
241 659 368 701 nimis
399 657 610 702 exhausto
641 666 929 700 macresceret
953 657 1130 717 inguine
1159 655 1318 718 gallus,

217 728 370 772 Amisit
398 737 528 772 testes
552 745 560 770 ε
588 743 704 771 nunc
731 726 837 770 mihi
861 726 1014 771 Gallus
1038 728 1134 770 erit.

134 879 165 900 1.
186 866 235 901 Ne
262 868 366 899 nimis.
391 866 512 900 Gallus
543 865 753 910 gallinaceus

75 919 213 953 facilius
222 919 412 964 saginatur,
421 926 609 965 postquam
624 925 750 951 castra·

76 980 131 1005 tus
168 980 231 1005 est.
264 992 316 997 -—
347 971 516 1003 Exhausto
532 997 542 1010 ‚
578 978 643 1004 etc.
684 969 753 1003 Per

74 1024 205 1058 coitum
238 1035 388 1069 nempe,
414 1036 486 1069 quo
515 1023 608 1056 vires
644 1021 750 1068 depe-

73 1085 179 1110 reunt
204 1085 238 1110 et
263 1075 438 1122 quidquid
469 1076 616 1110 affuerat
642 1075 751 1108 modo

73 1128 302 1175 pinguedinis
317 1130 498 1163 evanescit.
510 1150 563 1155 —-
574 1129 750 1162 Mam-esce-

74 1181 230 1216 ret.Vide
253 1194 369 1228 supra.

129 1247 162 1268 2.
196 1234 313 1270 Gallus
338 1237 410 1268 erit.
440 1237 554 1280 AEque
584 1243 751 1268 castratus

74 1287 163 1328 erit,
182 1300 221 1322 ac
240 1288 293 1322 ffli
307 1286 503 1322 sacerdotes
520 1287 668 1333 Cybeles
690 1300 753 1333 qm

74 1340 167 1375 Galli
186 1340 397 1375 dicebantur
414 1341 558 1375 exsectis
576 1341 748 1374 virilibus.

73 1394 153 1427 Lib.
172 1395 227 1435 Π,
244 1407 299 1440 ep.
322 1393 616 1428 xum—Rectius
632 1393 751 1427 forsan

75 1444 195 1481 credes
226 1459 312 1481 voce
343 1446 486 1481 Gallum
512 1446 571 1480 hic
601 1445 751 1480 indicari

814 878 885 898 non
902 865 1051 911 Cybeles
1067 864 1239 899 duntaxat
1257 864 1467 900 sacerdotem
1478 893 1485 907 ,

813 916 874 950 sed
891 926 926 950 et
943 918 1080 963 gallinae
1098 919 1284 958 maritum,
1302 920 1364 965 qui
1381 919 1486 952 latina

809 971 927 1016 lingua
939 971 1061 1004 Gallus
1070 971 1308 1012 Gallinaceus,
1318 984 1400 1005 mox
1412 972 1487 1005 bre-

810 1023 923 1057 vitatis
942 1023 1060 1057 studio
1089 1024 1213 1058 Gallus
1232 1034 1375 1059 vocatus
1397 1026 1484 1065 fnit;

810 1077 909 1122 quasi
926 1088 1054 1121 nempe
1073 1076 1250 1112 diceretur
1266 1091 1275 1111 :
1290 1095 1305 1107 ι
1318 1078 1371 1111 Ne
1384 1078 1485 1111 mise·

810 1142 892 1162 rum
930 1142 1070 1172 exseca,
1093 1129 1214 1164 Gallus
1248 1139 1319 1171 est;
1346 1143 1485 1171 essem,

810 1182 933 1216 Gallus
952 1191 1003 1216 est
1018 1196 1050 1224 ·;
1065 1183 1121 1216 vel
1136 1183 1204 1216 alio
1221 1183 1348 1216 modo:
1366 1202 1379 1213 ι
1397 1186 1486 1216 Ante

811 1243 845 1268 et
863 1243 1050 1281 postquam
1070 1245 1265 1278 exsecetur,
1285 1237 1407 1270 Gallus
1429 1236 1487 1270 ille

811 1296 873 1321 est.
892 1305 905 1317 ,ι
927 1289 994 1322 Res
1012 1288 1116 1322 mira!
1138 1289 1208 1323 sive
1231 1290 1298 1330 vir,
1319 1290 1392 1323 sive
1416 1291 1486 1322 evi-

810 1349 929 1383 ratus,
963 1341 1060 1376 idem
1095 1342 1154 1376 ille
1184 1351 1254 1383 est;
1292 1355 1359 1376 nec
1397 1343 1466 1375 ulla
1479 1366 1487 1379 ,

809 1403 978 1440 praesente
1000 1394 1141 1429 absente
1161 1409 1245 1430 sexu
1258 1423 1267 1437 ,
1289 1394 1487 1429 differentia

810 1448 847 1480 in
868 1448 1014 1481 nomine
1032 1456 1095 1482 est.
1115 1449 1180 1482 En.

668 1581 893 1638 LXIV.

707 1741 857 1768 IDEM.

143 1862 416 1906 Succmtmr
445 1860 579 1904 sterili
604 1861 766 1905 frustra
788 1861 948 1923 gallina
972 1866 1148 1920 marito;

215 1933 340 1975 Hanc
371 1933 521 1976 matris
547 1931 729 1992 Cybeles
760 1949 851 1977 esse
877 1933 1060 1978 decebat
1089 1952 1225 1979 avem.

144 2070 328 2121 Τηῦσίως
348 2072 481 2132 ἀγόνῳ
500 2074 764 2115 ὑποπέπτωκ’
785 2074 886 2133 ὄρνις
906 2075 1064 2134 ely-0⁹:77,-

212 2142 347 2185 Τοῦτο
371 2142 460 2192 θεᾶς
482 2139 669 2193 Ruga-ng
690 2144 791 2203 ὄρνεν

130 2291 162 2312 1.
184 2279 335 2313 Frustra.
356 2280 478 2321 Quum
498 2282 666 2315 maritum
686 2282 746 2315 ha·

72 2332 152 2365 beat
176 2331 319 2366 Gallum
341 2345 402 2367 seu
427 2342 626 2368 castratum.
661 2333 748 2367 Vide

72 2384 184 2429 epigr.
210 2384 424 2429 praecedens.

129 2449 163 2470 a.
183 2437 302 2472 Matris
322 2437 453 2485 Cybeles
472 2452 572 2473 avem.
590 2440 750 2486 Namque

73 2490 156 2526 Deae
182 2489 276 2522 illius
298 2490 511 2533 sacerdotes,
534 2493 663 2537 quihus
686 2505 751 2526 no·

73 2552 156 2574 men
185 2541 297 2580 Galli,
322 2542 561 2588 Corybantes,
582 2545 750 2585 Curetes,

74 2594 200 2628 exsecti
221 2603 332 2629 erant.
352 2595 465 2630 Mater
485 2605 600 2632 autem
621 2598 753 2643 Cybele

857 2142 872 2157 ῗ
958 2140 1003 2159 »Χ

783 2162 819 2187 Ν
841 2161 936 2186 ειναι
955 2154 1051 2187 edei.

807 2282 902 2316 dicta
922 2292 1017 2324 erat,
1037 2285 1108 2318 sive
1129 2284 1228 2330 quod
1247 2285 1330 2319 deos
1351 2296 1384 2320 et
1403 2287 1484 2322 deas

809 2348 930 2369 omnes
944 2337 1138 2381 genuisset,
1157 2338 1230 2371 sive
1250 2338 1347 2384 quod
1362 2340 1483 2374 eadem

810 2397 897 2422 esset
911 2401 950 2421 ac
965 2390 1074 2423 Terra
1085 2417 1094 2431 ‚
1113 2392 1310 2425 communis
1324 2394 1484 2427 omnium

811 2441 883 2474 sive
898 2441 1087 2476 hominum
1103 2452 1137 2476 et
1152 2444 1380 2478 anjmantium
1390 2472 1399 2486 ,
1413 2447 1484 2479 sive

812 2503 988 2528 mutarum
1030 2505 1064 2529 et
1105 2497 1330 2530 immutatum
1365 2511 1483 2532 rerum

812 2556 938 2588 mater,
962 2557 996 2581 et
1015 2558 1056 2582 ut
1074 2549 1212 2582 aiebant
1227 2562 1301 2583 uno
1316 2552 1484 2585 vocabulo

813 2600 928 2634 Graeci
941 2627 950 2642 ‚
972 2606 1172 2646 παμμάτως..
1195 2602 1250 2635 En
