2044 3292
567 248 576 274 ι
593 231 656 275 (io

936 233 995 274 M.
1029 234 1105 275 VA
1121 234 1169 276 L.
1211 234 1605 276 MARTIALIS

1112 381 1420 440 CXXIII.

1051 517 1486 565 MASSILlANUMf

625 663 776 719 QUUM
809 670 881 704 tua
914 670 1122 704 centenos
1154 670 1374 721 expugnet
1404 660 1600 722 sportula
1630 663 1768 717 cives,

696 734 855 774 Fumea
881 729 1083 775 Massiliae
1112 747 1274 792 ponere
1298 733 1399 775 vina
1424 741 1560 792 potes.

610 866 622 879 “
636 869 831 902 Massilitan.
851 867 930 902 cod.
945 869 1085 902 Thuan.
1102 877 1135 901 et
1151 867 1232 902 edd.

556 925 582 956 F
585 923 704 956 arnab.
719 922 895 955 Schrevel.

613 989 625 1009 1
637 1002 644 1008 .
665 975 770 1020 Quum
786 983 850 1008 tua.
869 975 946 1008 Hoc
965 982 1036 1016 est,
1059 987 1169 1020 quum
1187 975 1233 1008 sis

553 1038 623 1063 tarn
642 1028 740 1063 dives
759 1037 801 1063 ut
818 1037 961 1062 centum
978 1028 1125 1062 clientes
1141 1028 1232 1062 alere

553 1084 675 1128 possis,
691 1095 754 1116 cur
769 1081 925 1116 convivis
938 1081 1088 1127 apponis
1104 1081 1231 1115 vinum

552 1136 789 1170 Massilianum
822 1135 891 1169 vile
924 1143 959 1168 et
986 1135 1197 1168 infumatum
1217 1134 1232 1167 Ξ)

553 1189 647 1223 Vide
667 1189 728 1222 lib.
750 1189 801 1230 X,
821 1189 931 1234 epigr.
954 1199 1073 1221 xxxv1.
1100 1188 1155 1222 Sic
1174 1187 1231 1220 in·

551 1250 788 1289 terpretantur
809 1242 871 1288 qui
888 1242 1011 1287 legunt
1029 1254 1108 1275 cum
1126 1241 1231 1274 inter-

550 1296 742 1342 rogatione.
757 1294 825 1329 Sed
843 1303 943 1342 potes
958 1294 1006 1328 ita
1024 1294 1200 1340 explicare
1220 1306 1228 1327 :

550 1349 669 1391 Quum
678 1349 804 1382 habeas
811 1360 874 1382 cen
880 1357 956 1382 tum
965 1348 1111 1381 clientes
1120 1373 1129 1389 ‚
1140 1359 1230 1394 quos

549 1403 609 1436 alis
621 1428 631 1441 ,
651 1414 789 1448 appone
808 1401 891 1447 ipsis
906 1401 1031 1434 vinum
1052 1401 1229 1446 ingratum

549 1456 626 1489 vilis
656 1455 774 1501 pretii.
810 1455 872 1489 Est
903 1456 997 1487 enim
1013 1480 1021 1495 ‚
1055 1463 1095 1487 ut
1127 1453 1231 1487 docet

1294 869 1448 911 Plinius,
1466 870 1525 903 lib.
1549 870 1674 903 XXIII
1688 896 1696 912 ,
1717 882 1793 916 cap.
1822 882 1853 912 1,
1875 872 1971 905 fumo

1294 922 1529 956 inveteratum
1550 923 1870 958 insaluberrimum.
1892 924 1971 958 Non

1294 983 1409 1008 tamen
1443 976 1547 1009 nimis
1576 976 1754 1021 vituperat
1784 977 1972 1011 Athenaeus

1293 1029 1354 1073 qui
1372 1029 1463 1062 libro
1490 1029 1604 1075 primo
1628 1028 1719 1063 illud
1744 1028 1831 1064 dicit
1847 1042 1854 1063 :
1873 1048 1885 1060 κ
1909 1031 1972 1064 bo-

1291 1094 1390 1123 num,
1400 1081 1561 1122 densum,
1575 1083 1972 1129 corpulentumque‚sed

1293 1136 1460 1180 exiguum
1475 1154 1506 1169 n.
1529 1135 1700 1169 Martialis
1718 1148 1802 1169 vero
1830 1149 1970 1170 sexcen-

1292 1188 1355 1222 ties
1373 1190 1444 1233 jam
1469 1187 1718 1234 reprehendit,
1743 1197 1782 1222 ut
1805 1189 1868 1222 lib.
1892 1190 1971 1231 111,

1290 1241 1403 1287 epigr.
1415 1254 1539 1275 Lxxxu
1552 1268 1561 1284 ,
1580 1241 1639 1283 23,
1654 1242 1741 1275 «Vel
1752 1250 1849 1276 cocta
1866 1242 1971 1276 fumis

1290 1303 1403 1328 musta
1443 1295 1666 1328 Massilitanis
1692 1307 1724 1337 »ς
1755 1303 1790 1329 et
1819 1295 1880 1328 lib.
1917 1295 1950 1328 X
1962 1321 1970 1336 ,

1290 1347 1400 1393 epigr.
1417 1360 1535 1389 xxxw,
1554 1361 1567 1381 1
1577 1373 1586 1389 ‚
1601 1365 1615 1377 «ι
1628 1349 1794 1394 Improba
1808 1347 1970 1382 Massiliae

1290 1400 1468 1446 quidquid
1491 1401 1642 1435 fumaria
1661 1409 1796 1447 cogunt
1819 1419 1851 1444 ι»,
1867 1408 1970 1447 atque

1291 1453 1365 1487 aliis
1382 1454 1468 1488 locis
1484 1455 1623 1500 passim.

1115 1591 1410 1648 CXXIV.

1066 1727 1451 1775 CAERETANUM.*

622 1879 888 1919 CAERETANA
918 1873 1066 1934 Nepos
1092 1882 1250 1933 ponat,
1277 1872 1423 1915 Setina
1455 1872 1641 1933 putabis.

690 1947 792 1990 Non
823 1945 947 2005 ponit
975 1943 1135 1997 turbae,
1166 1959 1267 1986 cum
1300 1942 1437 1986 tribus
1470 1942 1540 1986 illa
1571 1944 1694 1987 bibit.

606 2084 619 2097 *
641 2084 851 2118 Caeretanum.
872 2082 970 2116 Caere
989 2082 1073 2114 urbs
1093 2089 1143 2114 est
1157 2080 1231 2112 Tu·

553 2139 629 2174 sciae
641 2163 650 2178 ‚
677 2135 782 2169 hodie
810 2135 970 2168 Cet-vetere
983 2161 992 2174 ,
1024 2134 1059 2166 in
1089 2133 1232 2179 regione

552 2190 756 2239 patrimonii
778 2189 820 2221 D.
841 2188 946 2221 Petri.
969 2186 1013 2220 de
1032 2199 1100 2232 qua
1119 2185 1229 2232 epigr.

556 2258 626 2286 mv,
645 2255 748 2289 supra
762 2267 771 2283 ,
787 2243 888 2286 cnjus
905 2241 1027 2274 vinum
1045 2238 1184 2279 laudat,
1198 2246 1231 2271 et

553 2311 633 2333 cum
651 2296 770 2330 Setino
787 2301 986 2340 comparat,
1002 2292 1046 2326 de
1063 2305 1132 2338 quo
1152 2303 1228 2336 sup.

553 2352 661 2398 epigr.
679 2348 909 2383 cx11.Volunt
924 2346 982 2380 hic
999 2345 1142 2392 quidam
1161 2345 1232 2379 Cae-

554 2415 677 2439 retanos
706 2402 805 2435 innui
831 2400 1006 2446 populum
1029 2399 1229 2444 Hispaniae,

552 2461 650 2504 cnjus
664 2455 755 2490 idem
770 2462 871 2488 sonat
882 2466 1024 2486 nomen.
1039 2451 1107 2486 Sed
1121 2464 1229 2497 quan—

553 2523 656 2558 quam
668 2508 793 2543 eodem
806 2506 958 2540 nominis
970 2518 1056 2539 sono
1066 2531 1075 2547 ,
1087 2518 1157 2538 non
1169 2517 1227 2538 eo·-

553 2565 634 2598 dem
656 2562 798 2596 nomine
814 2560 864 2593 illi
886 2568 992 2601 sunt3
1014 2567 1047 2592 et
1064 2558 1230 2592 Cerretani

553 2619 757 2652 scribuntur
770 2640 777 2649 .
807 2626 878 2648 non
916 2614 1085 2647 Cterewni.
1118 2612 1229 2645 Nemo

1293 2080 1365 2113 vini
1377 2079 1547 2114 Caeretani
1557 2107 1566 2122 ‚
1580 2091 1643 2113 nec
1657 2080 1791 2114 Plinius
1802 2081 1836 2114 in
1847 2094 1964 2116 rerum

1291 2141 1362 2166 nat.
1371 2133 1501 2166 Histor.
1514 2133 1623 2166 necin
1631 2133 1964 2180 Dipnosoph.Athe-

1291 2198 1385 2219 naeus
1405 2186 1604 2219 meminere.
1624 2186 1770 2232 Nepotis
1789 2188 1842 2221 sui
1863 2189 1963 2222 amici

1289 2241 1357 2283 jam
1380 2239 1596 2272 mentionem
1618 2239 1697 2272 fecit
1714 2240 1819 2273 Poeta
1837 2240 1897 2274 lib.
1915 2242 1965 2281 X,

1291 2293 1400 2338 epigr.
1421 2304 1548 2325 vanl.
1559 2291 1651 2325 Vide
1667 2292 1766 2338 epist.
1784 2293 1830 2334 54
1844 2319 1853 2336 ,
1869 2307 1963 2340 supr.

1348 2359 1380 2378 2.
1405 2346 1479 2378 Non
1497 2348 1588 2390 ponit
1616 2341 1724 2378 tui-bae.
1749 2345 1817 2380 Sed
1846 2347 1964 2380 nobile

1292 2397 1380 2431 illud
1415 2398 1539 2431 vinum
1579 2398 1667 2432 bibit
1712 2411 1791 2432 cum
1833 2400 1965 2433 intimis

1291 2451 1418 2484 amicis.
1431 2451 1564 2484 Vinum
1588 2450 1721 2485 domini
1739 2451 1828 2485 illud
1850 2453 1967 2486 Petro-

1291 2505 1368 2537 nius
1400 2504 1550 2550 appellat
1574 2504 1668 2550 quod
1699 2505 1902 2538 convivator
1931 2514 1963 2538 et

1291 2557 1353 2591 flos
1364 2558 1627 2590 convivantium
1640 2583 1648 2598 ‚
1660 2570 1729 2591 non
1747 2571 1867 2592 omnes
1881 2571 1964 2592 con-

1291 2612 1376 2644 xivae
1396 2611 1575 2656 potabant.
1596 2610 1660 2643 En.

2033 3077 2041 3169 -.=.=..22
2036 3028 2038 3037 ν
