1901 3259
358 223 939 269 EPIGRAMMATUM
977 222 1104 266 LIB.
1143 222 1293 265 XIII.

1418 237 1510 283 109

660 371 954 429 XXXII.

484 525 683 556 cAsts
719 505 1130 556 VELABRENffls*

169 651 278 695 NON
297 666 620 711 quemcumque
646 650 818 706 focum,
842 666 924 694 nec
947 649 1117 694 fumum
1141 665 1290 694 caseus
1312 666 1509 703 omnem,

237 720 321 765 Sed
343 719 657 766 Velabrensem
683 722 757 783 qui
779 721 912 777 bibit,
935 719 1006 765 ille
1030 721 1153 782 sapit.

166 863 227 904 Οὐ
261 864 338 922 μὴν
368 869 448 922 πῦρ
486 866 530 916 ὁ,
562 869 699 917 τιοῦν,
729 857 816 905 οὐδ’
848 862 985 906 ὅντινά
1015 864 1068 924 γ’,
1101 862 1191 906 ἀλλ’
1222 867 1242 906 ὁ
1276 864 1344 906 τὸν
1377 865 1505 924 ἀτμὸν

236 928 458 992 Βηλοίὲροιο
482 934 582 975 πιὼν
608 934 727 993 τυρὸς
750 931 888 993 ἄριςος
913 934 998 991 ἔφυ.

145 1050 160 1066 *
179 1056 333 1090 Fumosus
361 1069 426 1102 pro
455 1057 492 1089 V
489 1057 658 1089 elabrensis
686 1055 766 1091 cod.

93 1109 174 1143 Bev.
183 1117 218 1143 et
226 1111 274 1143 sic
283 1109 366 1143 alios
374 1110 488 1155 legere
494 1110 628 1143 notavit
639 1109 765 1143 editor.

149 1175 182 1196 1.
209 1163 353 1196 Famam.
381 1180 396 1193 α
419 1163 551 1196 Fumus
582 1163 767 1197 imbibitus

94 1223 196 1261 auget
210 1210 356 1261 gratiam
376 1216 483 1258 casei,
501 1216 612 1261 qualis
632 1216 669 1248 in
692 1216 766 1262 ipsa

92 1268 191 1302 Urbe
214 1268 401 1302 conficitur
424 1269 558 1303 cunctis
577 1269 766 1314 praeferen-

90 1319 166 1355 dus.
182 1339 197 1352 a
222 1322 312 1355 Plin.
334 1322 395 1356 lib.
417 1323 493 1364 XI,
514 1334 588 1368 cap.
613 1326 672 1362 42.
690 1323 765 1356 Cae—

91 1382 207 1408 terum
225 1377 350 1418 fumum
371 1375 449 1408 bibit
475 1374 609 1408 dictum
635 1375 766 1408 Nostro

90 1435 141 1461 est
158 1426 202 1461 ad
212 1427 348 1461 Horatii
362 1428 592 1462 imitationem
604 1453 614 1470 ,
629 1428 689 1473 qui
701 1428 764 1461 lib.

88 1480 164 1522 III,
189 1480 246 1514 od.
269 1492 359 1522 VIII,
382 1493 432 1514 vs.
459 1494 479 1525 9
504 1492 512 1513 :
546 1498 560 1510 α
577 1481 642 1514 Hic
671 1480 765 1522 dies,

89 1545 180 1566 anno
189 1532 374 1575 redeunte,
392 1533 498 1568 festus
508 1534 682 1567 Corticem
703 1532 763 1566 ad-

89 1587 249 1620 strictum
267 1587 343 1631 pice
362 1585 556 1620 dimovebit
576 1586 764 1632 Amphorae

88 1639 226 1672 fumum
253 1639 374 1672 bibere
413 1640 581 1674 institutae
610 1639 763 1673 Consule

88 1692 205 1725 Tullo.
220 1709 234 1722 ι»

145 1758 177 1778 2.
200 1745 271 1790 Ipse
298 1743 378 1778 edd.
405 1753 486 1778 vett.
514 1752 548 1778 et
570 1745 697 1791 Delph.
729 1753 763 1778 et

89 1798 236 1831 Farnab.
256 1796 311 1831 Sic
326 1796 430 1831 codd.
448 1797 582 1831 Beverl.
601 1805 636 1830 et
653 1797 761 1831 palat.

87 1849 571 1884 —Velabrensemvelabrum
588 1850 684 1884 locus
697 1850 764 1884 fuit

86 1904 206 1937 Romae
228 1903 265 1936 in
288 1903 432 1949 regione
455 1902 627 1941 secunda,
651 1916 762 1949 prope

85 1957 311 1990 Aventinum.
330 1957 374 1990 Et
394 1955 527 1990 dictum
552 1956 618 1989 fuit
642 1955 759 2002 quod,

87 2022 196 2055 quum
225 2010 322 2043 locus
353 2017 440 2043 esset
469 2008 679 2055 paludosus,
702 2021 764 2043 vo-

85 2063 194 2097 lentes
215 2062 367 2096 viatores
388 2063 538 2096 transire
558 2062 595 2095 in
617 2063 760 2096 Aventi-

85 2128 193 2157 num,
216 2115 391 2149 ferrentur
413 2116 576 2162 cymbula
593 2124 627 2149 et
647 2116 759 2149 solve-

84 2177 164 2203 rent
190 2168 316 2214 stipem
345 2170 479 2211 nautis,
505 2181 581 2215 quae
611 2169 760 2214 pecunia

83 2229 169 2255 tunc
203 2223 349 2254 velatura
380 2222 643 2269 appellabatur,
665 2221 759 2256 unde

85 2283 251 2320 corrupta
273 2275 368 2308 vocis
388 2276 634 2309 terminatione
653 2276 758 2308 Vela-

82 2327 198 2362 brum.
222 2328 364 2361 Volunt
390 2329 447 2362 alii
473 2328 627 2362 derivari
656 2329 759 2361 Vela-

81 2381 189 2414 brum
214 2393 233 2414 a
261 2380 442 2424 vehendo,
469 2382 590 2415 minus
615 2381 758 2428 quidem

82 2434 192 2475 hene3
216 2434 317 2468 nobis
352 2443 468 2469 tamen
502 2435 754 2481 suffragantes,

82 2499 192 2532 quum
213 2487 425 2521 Aventinum
450 2496 484 2522 et
504 2488 588 2521 olim
612 2487 758 2534 paludo-

83 2552 160 2573 sum
180 2540 287 2573 fuisse
305 2549 340 2574 et
357 2541 490 2574 ratibus
511 2541 685 2575 transvehi
700 2554 755 2575 so-

81 2593 184 2626 litum
205 2593 390 2627 fateantur.
414 2594 617 2639 Propertius
637 2606 645 2628 :
677 2611 691 2625 α
711 2595 756 2628 At

83 2658 150 2690 qua
174 2646 316 2679 Velabri
343 2646 437 2691 regio
460 2655 578 2690 patet,
597 2647 648 2680 ire
668 2648 757 2681 sole-

826 1058 885 1090 bat
905 1057 1064 1102 Exiguus
1084 1056 1183 1103 pulsa
1205 1070 1268 1103 per
1293 1057 1381 1093 vada
1398 1058 1503 1093 linter

826 1122 948 1155 aqua.»
988 1111 1078 1143 Item
1108 1110 1200 1143 Naso
1229 1111 1269 1144 F.
1291 1112 1365 1155 VI,
1398 1113 1468 1153 405
1493 1126 1501 1147 :

830 1180 843 1193 κ
864 1163 943 1204 Qua
966 1163 1117 1196 Velabra
1151 1163 1263 1196 solent
1295 1164 1332 1197 in
1358 1165 1501 1199 Circum

824 1215 953 1249 ducere
971 1228 1138 1262 pompas,
1161 1216 1220 1250 Nil
1236 1225 1362 1262 praeter
1383 1218 1502 1253 salices

823 1282 986 1314 cassaque
1016 1281 1127 1302 canna
1152 1269 1218 1303 fuit
1240 1287 1252 1299 υ
1277 1278 1312 1303 et
1336 1270 1422 1305 ibid.
1450 1285 1501 1306 vs.

825 1321 871 1366 39
889 1347 899 1362 ‚
916 1322 1006 1355 «Hic
1024 1322 1085 1355 ubi
1105 1334 1200 1356 nunc
1218 1323 1293 1357 fora
1307 1332 1391 1357 sunt
1405 1350 1414 1365 ‚
1430 1325 1499 1358 lin-

823 1382 892 1408 tres
913 1387 1027 1409 errare
1054 1373 1207 1417 videres,
1228 1384 1294 1409 etc.
1313 1393 1326 1405 ι»
1352 1376 1435 1411 Vid.
1459 1379 1499 1412 P.

821 1428 986 1462 Aurelius
1008 1428 1103 1462 Vict.
1128 1427 1172 1461 de
1196 1430 1282 1474 Reg·
1309 1430 1399 1462 XIV
1418 1432 1497 1464 urb.

822 1482 941 1514 Romae
955 1506 966 1522 7
982 1489 1016 1514 et
1036 1493 1054 1513 e
1070 1489 1217 1515 recentt.
1238 1482 1410 1528 Pompon.
1427 1485 1500 1517 Lae-

821 1541 876 1566 tus
896 1533 941 1567 de
962 1535 1064 1567 Rom.
1085 1534 1204 1580 Antiq.
1232 1543 1266 1567 et
1286 1536 1497 1579 Martianus,

821 1586 883 1620 lib.
907 1587 973 1628 IV,
994 1599 1071 1632 cap.
1095 1600 1129 1631 7.
1160 1588 1271 1620 Porro
1290 1588 1327 1621 in
1344 1590 1497 1623 Velabro

820 1640 939 1672 multae
952 1648 1050 1673 erant
1064 1640 1221 1673 caseariae
1231 1666 1239 1681 ‚
1256 1653 1315 1673 seu
1326 1643 1494 1681 tabernae,

820 1692 883 1725 ubi
905 1701 1038 1725 veteres
1064 1705 1180 1727 caseos
1205 1695 1442 1738 reponebant,
1464 1705 1498 1730 et

820 1745 935 1778 fumos
956 1745 1077 1778 bibere
1104 1746 1331 1780 instituebant
1350 1759 1358 1780 :
1377 1760 1496 1783 recens

821 1798 915 1830 enim
935 1797 992 1830 ille
1015 1810 1134 1832 caseus
1152 1799 1329 1832 fistulosus
1349 1809 1439 1842 erat,
1463 1811 1497 1836 et

819 1850 920 1884 facile
931 1850 1116 1885 hauriebat
1130 1852 1288 1887 fumum:
1304 1861 1338 1885 et
1350 1866 1436 1899 quos
1448 1855 1496 1888 sic

819 1916 934 1937 caseos
953 1904 1192 1945 infumabant‚
1215 1906 1348 1939 eunctis
1372 1908 1493 1952 praefe-

819 1955 923 1990 rendi
940 1956 1260 2000 habebantur3vid.
1278 1971 1356 2004 sup.
1370 1969 1444 1993 not.
1463 1973 1493 1994 1.

818 2031 871 2037 ——
882 2009 985 2055 Sapit.
1002 2010 1106 2043 Nulla
1118 2018 1284 2056 sequente
1302 2024 1386 2046 voce
1404 2012 1495 2059 adje-

818 2063 934 2104 ctitia,
955 2063 1054 2096 nullo
1082 2062 1269 2105 adverbio,
1291 2077 1356 2110 pro
1384 2066 1490 2107 boni,

819 2116 953 2157 eximii,
967 2116 1096 2149 delicati
1105 2117 1238 2162 saporis
1249 2130 1322 2151 esse
1330 2143 1339 2159 ‚
1350 2119 1405 2151 vel
1415 2120 1494 2153 sim-

817 2169 956 2214 pliciter
989 2181 1150 2215 saporem
1188 2170 1329 2204 habere.
1365 2172 1493 2205 Parum

816 2222 911 2255 enim
935 2221 1178 2267 discrepantiae
1201 2232 1271 2265 est,
1291 2224 1383 2257 inter
1404 2225 1490 2259 illud

818 2274 913 2321 quod
937 2275 1130 2321 insipidum
1155 2285 1190 2310 et
1213 2275 1251 2310 id
1279 2276 1376 2322 quod
1403 2279 1491 2312 male

817 2328 917 2374 sapit.
949 2329 995 2363 Et
1021 2329 1070 2363 sic
1105 2329 1226 2375 gallice
1263 2329 1412 2364 dicimus
1446 2331 1490 2365 de

817 2382 1006 2420 fructibus,
1037 2395 1141 2417 carne
1175 2391 1210 2416 et
1247 2384 1362 2417 omnis
1393 2384 1493 2418 modi

818 2434 944 2469 eduliis
956 2461 965 2477 ‚
982 2437 1070 2468 avoir
1082 2436 1125 2468 du
1138 2440 1236 2479 goat,
1257 2435 1356 2481 quod
1377 2436 1411 2470 in
1428 2438 1491 2471 bo-

817 2501 899 2521 nam
911 2497 1060 2534 partem,
1075 2490 1305 2523 invalescente
1321 2502 1385 2523 usu
1395 2515 1405 2531 ,
1422 2491 1492 2524 fere

817 2554 954 2588 semper
981 2542 1162 2587 accipitur.
1196 2542 1253 2575 Sic
1277 2554 1295 2575 e
1314 2543 1489 2577 contrario

815 2595 852 2627 in
874 2596 999 2629 malam
1018 2603 1153 2640 partem
1173 2593 1302 2628 dicitur
1325 2596 1425 2637 olere,
1457 2605 1490 2630 et

815 2648 935 2692 gallica
954 2648 1071 2692 lingua
1091 2650 1197 2681 sentir.
1219 2648 1284 2681 ΕΒ.
