1901 3259
321 210 909 254 EPIGRAMMATUM
948 208 1075 251 LIB.
1113 206 1256 248 XIV.
1391 202 1487 248 283

632 360 926 418 CCVIII.

627 496 942 546 Nouimus*

156 642 386 686 CURRANT
414 641 548 685 verba
575 640 698 697 licet,
724 657 878 685 manus
904 649 968 684 est
995 638 1186 683 velocior
1212 636 1319 692 illis;

224 711 433 756 Nondum
459 711 608 772 lingua
632 728 758 756 suum
774 747 786 768 ‚
808 711 961 756 dextra
984 710 1151 771 peregit
1175 724 1297 769 opus.

156 855 253 916 Χεὶρ
276 855 343 898 καὶ
365 857 617 917 ἐπειγομένου
642 857 891 915 ταχινωτέρη
916 856 978 905 ἐςὶ
995 856 1147 915 λόγοιο·

227 926 355 969 Οὔπω
379 924 548 986 γλῶσσ’,
575 928 676 973 αὐτὴ
708 921 747 968 δ’
772 926 909 972 ἤνυσεν
939 928 1049 985 ἔργον
1077 925 1153 967 ἑόν.

140 1058 154 1073 ⁴³
179 1062 272 1096 Dicti
296 1071 377 1096 sunt
399 1063 555 1105 Notarii‚
581 1064 642 1109 qui
667 1064 758 1097 exci-

86 1116 219 1161 pientes
243 1116 348 1150 verba
369 1115 533 1150 dictantis
547 1142 556 1158 ,
577 1129 640 1163 per
661 1125 762 1150 notas

87 1178 122 1203 et
145 1168 354 1214 compendia
373 1170 588 1211 scribebant,
610 1179 681 1203 tam
705 1183 759 1203 ce-

86 1222 210 1256 leriter
230 1230 264 1255 et
283 1221 461 1269 expedite,
481 1231 521 1256 ut
535 1223 692 1269 linguam
712 1222 764 1256 di-

87 1275 198 1309 centis
214 1275 270 1308 vel
289 1274 451 1309 dictantis
478 1277 582 1309 etiarn
605 1284 762 1309 antever-

89 1336 216 1361 terent.
230 1328 321 1361 Dein
336 1336 371 1362 et
384 1337 481 1362 erant
497 1329 633 1363 Notarii
647 1338 761 1363 actua-

88 1380 154 1422 rii,
181 1380 277 1427 quod
303 1381 340 1414 in
365 1390 437 1415 acta
466 1383 655 1420 referrent,
684 1395 762 1428 quae

89 1432 296 1468 dicebantur
310 1435 346 1467 in
359 1443 479 1468 senatu
492 1444 527 1469 et
539 1435 583 1469 ad
595 1436 746 1481 plebem.

147 1500 179 1522 1.
203 1487 344 1520 Currant
360 1489 458 1521 verba
477 1490 561 1529 licet,
583 1497 648 1523 etc.
671 1490 763 1522 Utut

90 1539 236 1573 volubili
254 1540 339 1574 fluat
355 1541 472 1586 lingua
483 1568 491 1582 ‚
509 1554 632 1575 manus
648 1545 702 1574 τοῦ
721 1543 762 1579 εἰς

821 1065 920 1107 τάχος
957 1060 1014 1096 διὰ
1053 1063 1191 1106 σημείων
1230 1060 1402 1105 γράφοντος
1434 1053 1497 1102 (ut

820 1116 977 1162 loquitur
997 1108 1172 1158 Galenus)
1189 1113 1388 1159 loquentem
1407 1125 1497 1157 prae-

821 1168 1017 1203 venit.Vid.
1035 1168 1174 1201 Senecae
1191 1167 1290 1212 epist.
1311 1178 1372 1210 91.
1390 1163 1496 1210 Apud

819 1235 885 1257 nos
897 1221 1100 1268 hujusmodi
1114 1221 1181 1254 viri
1194 1231 1291 1253 nunc
1299 1218 1497 1253 vocitantur

820 1276 1042 1321 ste'nograplzes
1053 1283 1113 1308 aut
1121 1272 1496 1320 taclqygraplzae.Auson.

822 1329 933 1375 epigr.
953 1340 1070 1369 οχινῐ,
1089 1340 1133 1361 20
1147 1339 1222 1373 sqq.
1238 1323 1498 1371 elegantissimis

821 1381 946 1416 iambis
968 1393 977 1415 ε
1002 1399 1015 1412 ιι
1034 1382 1090 1415 Tu
1110 1393 1166 1413 me
1186 1381 1389 1425 loquentem
1408 1387 1497 1423 prae-

821 1435 935 1469 venis!
953 1435 1042 1476 Quis
1054 1459 1064 1473 ,
1085 1446 1202 1480 quaeso
1217 1459 1225 1474 ‚
1242 1432 1319 1478 quis
1339 1443 1395 1464 me
1416 1441 1498 1475 pro-

823 1487 935 1522 didit?
951 1488 1039 1530 Quis
1050 1488 1113 1521 ista
1126 1489 1196 1533 jam
1212 1485 1301 1520 dixit
1317 1484 1398 1525 tibi,
1411 1483 1500 1524 Quae

825 1542 1017 1586 cogitabam
1038 1540 1152 1574 dicere
1168 1540 1182 1572 .⁰

678 1676 904 1733 CCIX.

680 1833 910 1862 CONCHA.

163 1956 305 1999 LEvls
336 1955 390 1997 ab
422 1970 621 2015 aequorea
649 1964 799 2000 cortex
821 1956 1063 1999 Mareotica
1090 1955 1258 1999 concha

231 2025 325 2069 Fiat
352 2042 359 2067 :
388 2025 602 2069 inoffensa
624 2036 770 2070 curret
791 2026 961 2070 arundo
986 2027 1067 2069 via.

164 2164 327 2226 Είναλίῃ
351 2166 477 2226 κόγχῃ
499 2166 726 2209 λειαινέσθω
749 2166 977 2226 Μαρεώτης

233 2236 389 2285 Φλοιὸς“
413 2236 619 2279 ἀκώλυτον
640 2233 762 2295 Θρέξει
784 2231 937 2296 ὅδευμα
959 2231 1096 2286 δόναξ.

156 2386 169 2407 1
181 2399 188 2406 .
218 2373 336 2407 Cortex
368 2374 555 2408 Mareotica.
589 2376 665 2409 Hoc
700 2385 768 2417 est,

96 2427 224 2460 chartae
244 2439 467 2473 papyraceae,
485 2428 522 2461 in
541 2428 667 2474 quibus
686 2429 773 2473 scri-V

97 2480 227 2512 hebant
240 2479 391 2524 antiqui,
409 2480 500 2514 leves
513 2480 615 2522 fiant,
630 2491 668 2515 ut
683 2483 770 2516 scri-

97 2531 216 2565 bendo
231 2533 381 2566 calamus
395 2545 467 2566 non
483 2533 622 2567 haereat.
637 2535 769 2569 Plinius

98 2584 159 2618 lib.
187 2585 276 2618 XIII
289 2612 298 2626 ‚
329 2598 402 2631 cap.
432 2598 472 2618 12
491 2613 499 2629 ‚
519 2585 563 2619 de
585 2588 769 2632 generibus

99 2637 294 2671 chartarum
307 2663 316 2680 ‚
336 2639 383 2672 sic
402 2639 465 2672 ait:
486 2639 674 2674 «Scabritia
689 2641 771 2675 levi-

827 2385 926 2422 gatur
943 2376 1047 2410 dente
1059 2403 1068 2417 ‚
1089 2375 1284 2415 conchaoe,
1302 2383 1366 2408 etc.
1391 2393 1402 2403 υ
1425 2375 1498 2407 Mae

827 2429 934 2463 reotis
961 2442 1045 2462 vero
1066 2429 1208 2474 AEgypti
1235 2440 1315 2473 pars
1342 2436 1415 2467 est,
1439 2427 1499 2460 ubi

830 2483 1032 2528 frequentes
1054 2489 1134 2514 sunt
1155 2480 1290 2526 papyri.

886 2548 901 2568 2
911 2562 917 2568 .
935 2536 969 2569 F
968 2537 992 2567 it
1007 2534 1077 2566 licet
1093 2534 1215 2576 qffensa
1229 2535 1327 2565 currit
1342 2532 1376 2565 in
1394 2545 1498 2577 marg.

830 2588 886 2622 ed.
904 2587 1037 2633 Langii.
1058 2587 1185 2619 Scilicet
1203 2587 1324 2629 assensa
1335 2586 1414 2618 Vat.
1438 2586 1498 2618 Hi-

830 2641 929 2674 rundo
948 2641 981 2673 in
1003 2639 1080 2673 eod.
1101 2640 1235 2672 Beveri.
