1901 3259
342 232 921 277 EPIGRAMMATUM
960 235 1082 276 LIB.
1127 236 1162 276 X
1181 236 1241 276 [Ι.

1428 238 1452 289 s,
1462 252 1491 296 9

728 383 820 438 LV
829 431 839 440 .

618 536 681 563 AD
722 536 970 564 PUELLAS.

291 659 467 702 GRATis
497 658 569 718 qui
602 657 703 700 dare
731 674 806 701 vos
832 659 978 717 jubet,
999 659 1171 720 puellae,

290 726 602 771 Insulsissimus
631 728 1058 790 improbissimusque
1090 741 1164 774 est.

289 799 437 841 Gratis
463 815 516 841 ne
539 798 660 853 date3
681 799 844 842 basiate
868 802 1010 860 gratis.

291 870 385 912 Hoc
410 866 532 929 AEgle
558 878 710 928 negat,
740 869 823 913 hoc
849 886 978 913 avara
1004 871 1164 915 ven‘dit.

288 938 371 981 Sed
399 938 555 981 vendat
580 938 711 994 bene,
730 938 895 983 basiare
921 951 1129 1000 quantum
1151 942 1242 986 est?

290 1009 385 1051 Hoc
412 1007 559 1052 vendit
584 1025 755 1069 quoque
782 1026 861 1053 nec
888 1010 970 1052 levi
996 1012 1169 1071 rapina3

285 1079 375 1121 Aut
395 1077 549 1121 libram
573 1080 680 1138 petit
705 1077 776 1122 illa
804 1081 1050 1134 Cosmiani,

286 1149 372 1191 Aut
401 1148 526 1192 binos
553 1158 706 1208 quater
735 1165 757 1192 a
789 1166 901 1193 nova
934 1161 1130 1204 moneta3

135 1287 165 1308 1.
186 1273 314 1307 Puellas
338 1273 375 1307 in
401 1286 507 1319 marg.
542 1273 597 1307 ed.
627 1275 748 1319 Langii

77 1327 154 1360 Par.
178 1327 433 1372 1617.—Dare
447 1339 525 1367 vos,
548 1335 612 1360 etc.
631 1327 748 1361 Vestri

76 1380 212 1425 copiam
230 1380 352 1413 facere.

131 1437 165 1474 4.
179 1433 252 1465 Ηοε
265 1433 385 1477 AEgle‚
399 1439 464 1466 etc.
477 1432 591 1466 Etiam
602 1432 745 1466 basiare.

90 1482 92 1486 ’
132 1485 165 1520 5.
182 1485 249 1519 Sed
266 1485 394 1518 vendat.
412 1484 623 1518 Phaleucum
643 1485 747 1519 istum

76 1550 155 1572 cum
187 1537 344 1584 sequenti
374 1550 445 1571 non
481 1546 531 1571 est
561 1537 681 1572 videre
711 1539 747 1571 in

77 1591 183 1625 Palat.
194 1599 228 1624 et
241 1591 359 1624 nescio
373 1603 452 1624 sane
465 1589 551 1636 quid
564 1591 629 1624 sibi
642 1591 725 1624 velit
738 1603 745 1624 ε

76 1653 236 1690 quartum
252 1652 364 1688 servat
378 1655 386 1676 τ
400 1661 413 1673 «
427 1642 495 1677 Sed
515 1643 642 1678 vendat
660 1656 746 1689 quo·

76 1709 143 1743 que
155 1710 218 1731 nec
231 1697 298 1730 levi
311 1696 432 1742 rapina
447 1713 459 1724 »
474 1721 484 1737 ‚
494 1696 628 1730 omissis
639 1697 746 1729 inter-

76 1749 212 1783 mediis.
230 1767 242 1780 »ι
261 1749 520 1783 Sclzrev.-Sed
529 1750 647 1782 'vendat
662 1750 743 1783 bene.

77 1801 175 1844 Quid
193 1803 251 1836 hic
270 1814 389 1836 versus
406 1802 470 1835 sibi
490 1801 587 1838 velit,
606 1814 641 1835 se
659 1815 746 1847 quo-

77 1868 144 1901 que
164 1855 298 1889 nescire
314 1855 361 1888 ait
371 1854 472 1888 Grut.
484 1856 528 1887 At
539 1854 639 1888 scivit
653 1855 745 1888 Mar-

77 1908 186 1949 tialis,
218 1908 280 1954 qui
310 1908 438 1954 posuit.
467 1907 565 1953 AEgle
588 1917 689 1953 negat
713 1921 746 1941 se

76 1961 208 1995 basiare
227 1960 330 2005 gratis
347 1959 490 1994 :vendit
510 1961 575 1993 hoc
594 1972 745 2006 quoque.

76 2014 225 2055 Mirum;
238 2026 319 2047 nam
333 2021 523 2058 utcumque
537 2012 664 2047 vendat
680 2014 747 2047 hoc

76 2067 165 2101 bene
199 2067 253 2100 vel
290 2078 398 2112 parvo
434 2067 545 2111 pretio
560 2091 570 2107 ‚
597 2078 639 2098 an
673 2067 746 2100 cui-

76 2132 180 2166 quam
205 2127 256 2153 est
281 2119 413 2152 basiare
440 2119 545 2159 tanti,
572 2126 610 2152 ut
637 2118 673 2152 id
693 2120 746 2152 vel

76 2174 164 2206 bene
196 2184 310 2206 emere
335 2171 445 2205 velit?
470 2172 512 2204 At
541 2172 598 2204 illa
631 2172 746 2206 tantil-

76 2226 151 2259 lum
173 2224 316 2271 quidem
337 2225 425 2258 bene
446 2225 586 2265 vendit,
608 2232 673 2259 eie.
695 2247 746 2251 -—

78 2279 164 2312 Bene
187 2279 322 2311 vendere
341 2286 391 2311 est
403 2303 412 2318 ‚
435 2290 512 2310 meo
531 2276 673 2323 quidem
691 2279 746 2323 ju·

78 2330 189 2372 dicio,
205 2343 308 2377 quam
327 2331 516 2364 maximum
535 2331 687 2376 pretium
705 2343 747 2364 ex

76 2396 114 2417 re
131 2396 171 2417 ea
186 2384 315 2417 habere
331 2396 407 2429 quae
423 2382 587 2417 venditur
599 2408 608 2423 ‚
627 2395 747 2429 quem-

79 2435 270 2470 admodum
308 2437 380 2469 bene
418 2450 514 2469 emere
553 2445 604 2470 est
646 2449 749 2481 quam

78 2489 226 2522 minimo
257 2489 371 2535 pretio
402 2501 441 2523 ea
477 2489 636 2523 obtinere
673 2502 749 2535 quae

77 2550 249 2576 emuntur.
284 2542 349 2575 Per
385 2542 472 2575 hanc
505 2543 598 2575 enim
628 2555 750 2577 vocem

78 2596 170 2633 hene,
196 2596 350 2640 junctam
370 2597 435 2628 τοῖν
457 2595 590 2627 vendere
612 2603 645 2628 et
670 2609 750 2628 eme-

80 2662 111 2680 re
126 2676 133 2686 ,
157 2647 240 2693 quid
269 2647 332 2680 nisi
366 2647 456 2680 illius
496 2648 657 2693 peritiam
691 2661 750 2681 ex·-

165 2721 250 2762 III.

808 1275 1010 1320 primimus,
1026 1277 1086 1322 qui
1102 1277 1138 1309 in
1156 1279 1373 1323 paciscendis
1389 1293 1480 1315 mer-

808 1327 966 1361 cimoniis
980 1329 1052 1362 sive
1063 1329 1194 1371 vendit,
1204 1331 1275 1365 sive
1286 1334 1369 1366 emit
1381 1333 1395 1366 Ρ
1405 1336 1481 1380 quis

808 1388 921 1414 autem
937 1381 1082 1415 callidus
1098 1392 1234 1429 emptor
1249 1386 1314 1419 nisi
1332 1387 1479 1421 minimo

807 1442 1028 1479 assequatur,
1054 1436 1131 1481 quis
1157 1437 1290 1482 peritus
1318 1439 1480 1474 venditor

806 1486 873 1520 nisi
885 1487 1035 1521 maximo
1049 1487 1130 1522 det?
1143 1488 1268 1524 Sensus
1284 1503 1365 1537 ergo
1380 1493 1479 1528 hicce

806 1538 976 1573 exoritur:
986 1541 1359 1589 Atquantocumqueid
1366 1547 1479 1591 pretio

806 1591 955 1633 vendat,
974 1606 1083 1638 parvo
1111 1603 1225 1629 tamen
1252 1597 1475 1632 vendendum

807 1654 868 1678 est.
890 1646 978 1679 Nam
999 1646 1086 1702 quid
1104 1649 1250 1682 suaviari
1265 1650 1339 1683 est?
1354 1664 1476 1697 quam—

806 1699 857 1731 vis
881 1699 972 1731 enim
996 1704 1077 1733 Εστι
1106 1703 1157 1734 καὶ
1179 1703 1208 1734 ἐν
1228 1715 1295 1736 κενε
1290 1704 1360 1737 ὀισι
1386 1707 1476 1750 φιλά-

806 1764 903 1794 μασιν
929 1748 1014 1784 ἁὸέα
1035 1753 1141 1797 τέρψις
1160 1750 1330 1792 (¹1heocr.
1351 1757 1476 1792 Oarist.

806 1802 858 1835 ld.
882 1802 1065 1845 XXVII),
1079 1807 1159 1850 jure
1181 1813 1289 1853 u'sque
1314 1810 1478 1857 subjungi

806 1855 842 1888 id
876 1865 1018 1918 potest.
1046 1859 1102 1894 Μὴ
1134 1864 1264 1904 καυχῶ,
1294 1865 1476 1908 σατυρίσκε

806 1922 837 1941 ν.Ξ
829 1910 891 1941 νὸν
921 1912 956 1942 τὸ
984 1910 1108 1955 φίλαμα
1126 1914 1281 1957 λέγουσιν.
1303 1915 1368 1948 ED.

860 1964 895 1995 6.
909 1963 1047 2007 Rapina.
1063 1964 1162 2008 Rapit
1176 1967 1329 2010 positum
1347 1977 1398 2002 cst
1409 1970 1478 2003 No-

806 2022 877 2047 stro
890 2027 979 2061 saepe
990 2029 1072 2061 pr0‚
1090 2025 1289 2063 extorquet,
1308 2020 1475 2057 indefessa

806 2074 839 2099 et
849 2067 1008 2113 improba
1019 2068 1266 2115 efflagitatione
1279 2071 1353 2107 dari
1366 2076 1459 2121 cogit
1468 2104 1476 2118 ‚

806 2118 901 2165 quod
918 2120 1177 2166 quodammodo
1193 2124 1325 2159 furtum
1340 2136 1407 2170 est,
1424 2131 1477 2163 vel

805 2172 833 2205 si
854 2185 925 2206 non
946 2174 1101 2217 furtum,
1122 2185 1214 2211 certe
1239 2179 1371 2225 rapina.
1392 2182 1475 2216 Vid.

806 2238 927 2270 supra,
943 2227 1004 2260 lib.
1026 2228 1096 2267 XI,
1116 2230 1226 2275 epigr.
1238 2233 1411 2268 L:<‹Nulla
1427 2245 1477 2269 est

806 2278 890 2311 hora
910 2279 974 2312 tibi
993 2292 1060 2326 qua
1079 2294 1150 2315 non
1171 2296 1243 2325 me,
1265 2285 1401 2331 Phylli,
1422 2289 1474 2321 fu-

805 2339 942 2365 rentem
959 2334 1151 2378 Despolies.
1172 2353 1184 2365 n
1210 2337 1275 2371 En.

861 2397 895 2430 7.
914 2385 1042 2418 Libram.
1056 2390 1158 2431 petit,
1181 2397 1246 2424 etc.
1264 2392 1441 2437 Unguenti
1456 2407 1472 2426 a

809 2438 936 2471 Cosmo
976 2440 1124 2474 confecti
1143 2467 1151 2483 ‚
1186 2442 1247 2475 lib.
1282 2444 1330 2486 I,
1367 2446 1476 2492 epigi.

809 2503 993 2533 LxxxVIn,
1014 2492 1138 2526 libram
1162 2495 1249 2539 petit
1271 2498 1386 2542 AEgffle
1406 2512 1477 2544 quo

810 2543 880 2577 oris
900 2544 1030 2589 impuri
1054 2547 1210 2580 foetorem
1232 2550 1403 2585 emendet.
1423 2553 1480 2586 Sic

811 2596 893 2630 infr.
911 2597 1017 2642 epigr.
1040 2611 1118 2641 va‚
1138 2611 1186 2633 vs.
1211 2605 1242 2639 4.

867 2652 898 2683 8.
928 2650 1025 2682 Rc'nos
1050 2660 1170 2695 quater,
1198 2661 1262 2687 etc.
1286 2655 1374 2689 Octo
1407 2657 1482 2691 Fla-

1253 2727 1281 2779 s,
