2044 3292
486 167 583 212 280

859 169 915 210 M.
941 169 1084 212 VAL.
1125 170 1518 214 MARTIALIS

1088 316 1287 375 CCII.

1082 473 1292 503 SIMIUS.

555 599 798 642 CALLIDUS
827 598 1002 642 emissas
1028 597 1203 643 eludere
1231 600 1379 644 simius
1408 600 1580 652 hastas,

626 668 670 711 Si
695 667 800 711 mihi
824 667 963 712 cauda
987 668 1123 723 foret,
1144 670 1472 731 cercopithecus
1499 687 1629 714 eram.

558 799 826 867 Ριπτομένους
856 807 935 858 ἰοὺς
963 812 1244 869 σεσοφισμένος
1271 809 1312 854 εὖ
1338 811 1555 865 ἀλέασθαι,

625 877 674 920 Εἰ
699 879 835 939 κέρκον
867 881 1056 939 κτώμην,
1085 880 1370 941 κερκοπίθηκος
1402 880 1448 925 ἂν
1479 880 1541 929 ἦν.

549 1030 579 1052 1.
601 1017 741 1050 Eludere
762 1018 878 1050 hastas.
898 1017 974 1051 Hoc
994 1026 1066 1060 est,
1089 1030 1168 1052 cor·-

491 1071 588 1117 poris
609 1070 695 1103 saltu
709 1096 717 1111 ‚
737 1070 871 1103 hastam
892 1071 946 1103 vel
967 1071 1033 1104 tela
1061 1070 1168 1105 decli-

494 1136 578 1157 nare
598 1132 631 1156 et
653 1131 903 1169 persequentes
919 1124 1016 1169 quasi
1033 1123 1167 1159 ludere.

547 1191 578 1209 9..
606 1175 852 1221 Cercopitlwcus.
891 1176 1080 1210 Simiarum
1113 1178 1169 1210 vel

493 1229 675 1262 simiorum
690 1229 783 1263 varia
796 1237 877 1262 sunt
889 1242 1012 1274 genera
1023 1256 1032 1272 ‚
1045 1239 1079 1264 et
1091 1243 1169 1264 cau-

495 1280 538 1315 da
566 1282 660 1315 inter
686 1295 721 1315 se
746 1281 1021 1327 distinguuntur.
1054 1283 1169 1317 Simiae

1227 1020 1304 1053 sine
1328 1018 1436 1054 cauda
1460 1019 1627 1054 dicuntur
1648 1032 1666 1053 a
1690 1019 1822 1054 Graecis
1847 1020 1900 1053 πί-

1228 1076 1425 1119 θηκοιεφιεε
1448 1072 1593 1106 caudam
1617 1073 1769 1114 habent,
1791 1085 1901 1117 κερκο·

1229 1126 1355 1162 πίθηκοι
1374 1127 1504 1172 εκέρκος
1523 1126 1615 1160 enim
1634 1126 1807 1170 siguificat
1825 1137 1903 1159 cau-

1230 1177 1427 1212 dam.Vide
1459 1179 1566 1224 epigr.
1600 1191 1755 1220 cxxvnx,
1786 1190 1900 1224 supra.

1230 1233 1396 1264 —Eram
1419 1244 1485 1277 pro
1505 1245 1597 1264 essem
1611 1259 1618 1272 ‚
1647 1231 1816 1277 temporis
1842 1243 1902 1263 en-

1230 1284 1364 1330 hallagc
1378 1285 1484 1318 nohis
1498 1285 1602 1318 ctiam
1617 1284 1697 1318 satis
1715 1284 1851 1318 usitata.

1106 1419 1327 1479 CCIII.

920 1575 1127 1604 PUELLA
1167 1555 1486 1606 GADITANA.*

497 1702 605 1745 TAM
636 1697 871 1743 tremulum
901 1700 1080 1755 crissat,
1105 1709 1194 1743 tam
1220 1698 1428 1743 blandum
1456 1701 1622 1760 prurit,
1653 1709 1701 1743 ut
1731 1700 1872 1760 ipsum

568 1769 939 1814 Masturbatorem
970 1769 1120 1814 fecerit
1150 1769 1452 1831 Hippolytum.

498 1896 625 1966 Ῠγρὸν
654 1907 860 1965 κινυμένην
891 1911 1115 1965 σκιρτῶσαν
1145 1905 1179 1947 θ’
1198 1898 1276 1952 ἡδύ
1297 1922 1362 1964 μιν
1384 1906 1503 1955 αὐτὸς

571 1977 757 2018 Λεύσσων
782 1975 1010 2025 Ιππόλυτος
1035 1972 1286 2035 χειροτρίὲης
1305 1977 1458 2036 γένετο.

570 2113 585 2126 *
611 2115 640 2148 E
675 2114 802 2160 puellis
841 2115 1061 2149 saltatriculis
1094 2127 1177 2161 quas

500 2167 590 2202 lucri
602 2180 719 2201 caussa
734 2166 1046 2201 circumducebant
1057 2180 1177 2201 servu-

500 2222 620 2254 lorum
656 2228 890 2257 mercatores,
923 2221 989 2253 illae
1017 2221 1177 2266 inprimis

501 2274 638 2307 famosae
661 2281 760 2306 erant
785 2285 865 2318 quae
886 2285 904 2306 e
924 2273 1049 2306 Baetica
1075 2272 1178 2306 adve-

501 2326 700 2360 hebantur:
725 2326 860 2359 Baeticae
881 2334 996 2358 autem
1016 2326 1097 2359 urbs
1121 2338 1177 2360 ce-

500 2375 687 2413 leberrima
703 2377 829 2411 Gades.
841 2378 1012 2411 Martialis
1029 2379 1098 2422 jam
1115 2379 1176 2412 lib.

503 2432 538 2474 Ι,
552 2445 607 2478 ep.
623 2444 714 2468 xm,
739 2443 801 2464 12:
822 2430 947 2472 «Quod
964 2430 1007 2464 de
1021 2430 1178 2464 Gadibus

502 2485 684 2530 improbus
707 2484 868 2529 magister
877 2497 909 2526 »;
926 2483 985 2517 lib.
995 2484 1046 2515 VI
1061 2511 1068 2524 ‚
1085 2484 1175 2529 epig.

505 2550 584 2570 Lxxx
600 2563 609 2578 ,
634 2550 646 2570 ῐ
669 2545 703 2570 et
719 2549 794 2582 sqq.
812 2535 948 2570 «Edere
969 2537 1111 2570 lascivos
1135 2536 1177 2569 ad

501 2590 625 2623 Baelica
652 2598 824 2622 crusmata
847 2598 962 2634 gestus
990 2590 1032 2623 Et
1066 2588 1173 2623 Gadi-

1237 2115 1326 2149 tanis
1345 2114 1468 2149 ludere
1481 2114 1583 2150 docte
1600 2114 1714 2149 modis
1726 2127 1736 2157 ;
1750 2114 1913 2149 Tendere

1237 2181 1314 2213 quae
1334 2168 1523 2202 tremulum
1537 2168 1648 2201 Pilian
1663 2194 1672 2210 ,
1692 2169 1913 2214 Hecubaeque

1237 2221 1401 2254 maritum
1417 2221 1537 2254 Posset
1554 2220 1597 2254 ad
1613 2221 1804 2255 Hectoreos
1823 2221 1915 2255 solli-2

1237 2274 1340 2307 citare
1358 2285 1471 2319 rogos.
1489 2291 1501 2303 »r
1519 2273 1611 2307 Vide
1637 2282 1673 2308 et
1689 2275 1710 2307 J
1715 2287 1816 2308 uven.
1840 2274 1912 2308 Sat.

1237 2326 1307 2367 XI,
1320 2339 1370 2359 vs.
1390 2339 1402 2359 1
1414 2329 1458 2359 62
1470 2352 1478 2367 ‚
1494 2335 1527 2360 et
1545 2326 1672 2360 Sat.VI
1683 2352 1693 2369 ‚
1707 2339 1756 2361 vs.
1773 2327 1860 2361 326.

1296 2390 1325 2411 1.
1353 2379 1396 2411 Ut
1414 2382 1511 2424 ipsum
1535 2380 1818 2421 ,Masturbatorem‚
1848 2387 1912 2423 etc.

1238 2431 1287 2464 Ut
1302 2430 1503 2465 incenderet
1523 2433 1576 2465 vel
1592 2433 1770 2467 castissimi
1787 2445 1915 2478 propo-

1239 2484 1294 2516 siti
1318 2485 1430 2517 virum
1445 2510 1453 2525 ‚
1478 2485 1706 2531 incitaretque
1726 2484 1769 2518 ad
1796 2484 1913 2518 libidi-

1238 2550 1317 2570 nem
1332 2536 1515 2571 nefandam
1530 2550 1536 2570 ε
1553 2538 1611 2571 lib.
1624 2538 1674 2571 lX
1687 2564 1696 2579 ‚
1711 2538 1800 2583 epig.
1818 2549 1894 2570 XLII
1905 2562 1913 2576 ‚

1239 2598 1271 2621 et
1292 2590 1350 2623 lib.
1375 2591 1461 2631 XII,
1480 2591 1587 2636 epigr.
1611 2603 1718 2624 xcvn.
