2044 3292
483 196 546 248 24

861 195 926 238 M.
951 196 1092 238 VAL.
1133 194 1527 238 MARTIALIS

551 279 671 338 Quid
697 280 888 342 petitur?
915 291 1046 343 rupta
1076 298 1213 342 quum
1243 298 1320 343 pes
1348 297 1486 343 vagus
1518 281 1604 325 exit
1635 279 1778 338 aluta,

621 353 679 395 Et
706 351 875 396 subitus
903 369 1059 397 crassae
1087 352 1249 396 decidit
1278 352 1419 396 imber
1450 368 1597 414 aquae,
1878 374 1909 390 xo

549 424 643 468 Nec
669 423 791 467 venit
814 422 968 468 ablatis
994 422 1207 468 clamatus
1239 439 1374 466 verna
1404 421 1588 467 lacernis
1614 439 1623 465 :

622 493 808 538 Accedit
838 493 1025 556 gelidam
1052 510 1204 538 servus
1236 492 1291 537 ad
1321 493 1589 550 auriculam,

549 566 630 619 Et,
653 566 800 626 Rogat
829 575 879 609 ut
907 581 1053 609 coenes
1082 580 1230 609 secum
1263 565 1509 620 Laetorius,
1539 564 1694 624 inquit.

627 636 793 696 Viginti
823 637 1015 679 nummis
1040 651 1131 680 non
1161 651 1244 696 ego
1272 634 1389 679 malo
1420 633 1614 679 famem?

552 706 685 763 Quod
715 707 770 750 sit
794 722 920 750 coena
948 706 1077 764 mihi,
1107 705 1186 750 tibi
1216 707 1272 751 sit
1301 706 1529 767 provincia
1553 720 1745 761 merces,
1879 726 1909 750 15

622 778 680 820 Et
705 776 917 821 faciamus
942 776 1082 834 idem,
1110 794 1193 822 nec
1220 793 1471 822 mereamur
1498 776 1627 820 idem.

537 928 572 960 9.
595 916 703 961 Rapta
719 929 813 962 quum
830 930 909 962 pes,
931 925 996 951 etc.
1017 916 1166 962 Fatigati

479 981 610 1015 nempe
622 969 668 1002 ob
679 977 733 1003 tot
742 978 776 1004 et
784 978 898 1004 tantas
907 970 1164 1011 cursitationes,

481 1022 707 1056 salutationes
718 1049 727 1065 ‚
737 1024 1092 1058 anteambulationes.
1105 1024 1166 1057 Iis-

483 1074 564 1108 dem
580 1076 652 1109 fere
665 1076 781 1110 verbis
794 1077 993 1119 Juvenalis,
1006 1077 1077 1111 Sat.
1092 1077 1166 1118 III,

482 1141 517 1161 v.
541 1132 610 1174 149
630 1137 665 1162 et
687 1129 758 1163 150
777 1141 785 1163 :
808 1147 821 1159 α
837 1139 943 1176 rupta
962 1131 1100 1165 calceus
1116 1130 1165 1163 al-

482 1189 537 1215 ter
554 1181 651 1215 Pelle
668 1190 773 1227 patet.
795 1200 807 1212 u
830 1184 898 1218 En.

540 1247 599 1269 10.
619 1236 670 1268 Ee
686 1236 817 1269 subitus.
835 1236 880 1270 Et
898 1236 1018 1282 pluvia
1035 1248 1164 1282 repen-

481 1287 555 1321 tina
576 1289 739 1334 perfusus
764 1288 911 1323 domum
936 1289 1055 1323 redeo.
1078 1288 1163 1322 Vid.

482 1341 682 1384 Juvenalis,
706 1342 766 1388 qui
794 1342 864 1377 Sat.
884 1344 939 1377 III
952 1369 962 1384 ,
985 1343 1050 1376 hac
1068 1343 1167 1376 locu-

483 1395 583 1428 tione
610 1395 734 1429 utitur.
761 1396 856 1429 Male
887 1409 1003 1443 aquam
1030 1409 1166 1429 crassam

482 1447 644 1494 corporis
702 1447 868 1483 sudorem
915 1451 1168 1495 interpretatur

481 1501 673 1535 Domitius.

542 1567 555 1588 1
568 1566 583 1588 1
593 1581 601 1588 .
615 1555 758 1588 Ablatis.
771 1556 847 1590 Jac.
862 1556 1074 1601 Bongarsius
1088 1568 1168 1590 con-

480 1607 558 1653 jicit
581 1607 771 1653 legendum
793 1621 867 1643 esse
887 1610 1019 1642 adlatis.
1032 1631 1083 1636 —-
1098 1609 1168 1643 Nec

489 1663 583 1694 venit,
603 1661 680 1694 Hoc
697 1670 769 1695 est:
788 1662 863 1696 Nec
881 1671 1025 1696 vocatus
1047 1662 1168 1695 multi-

482 1713 567 1759 plici
587 1714 739 1748 clamore
755 1715 954 1762 iterumque
968 1716 1168 1762 iterumque

483 1775 625 1812 rogatus
637 1794 646 1809 ,
655 1780 775 1803 servus
786 1781 878 1803 unus
894 1782 936 1802 ex
953 1777 1048 1803 tanta
1060 1769 1167 1802 domo

483 1819 622 1854 detritis
647 1821 736 1855 meis
755 1822 906 1856 lacernis
930 1831 989 1856 aut
1010 1821 1168 1856 humidis

483 1872 580 1907 adest
591 1898 601 1914 ‚
626 1875 688 1920 qui
714 1887 821 1909 novas
849 1876 972 1909 afferat
985 1902 993 1918 ‚
1022 1875 1167 1910 detritas

484 1927 607 1969 tollat3
627 1927 688 1961 sed
712 1928 882 1963 duntaxat
905 1942 923 1962 a
945 1927 1056 1963 divite
1078 1942 1167 1975 quo-

483 1979 565 2014 dam
582 1980 736 2014 Laetorio
753 1982 851 2015 venit
870 1994 1012 2024 servus,
1032 1982 1093 2028 qui
1111 1994 1167 2015 me

482 2033 595 2066 multo
609 2034 715 2068 nimis
730 2034 960 2081 defatigatum
981 2035 1107 2069 invitet
1122 2034 1167 2068 ad

482 2099 630 2121 coenam.
642 2088 709 2122 En.

540 2144 598 2181 14.
627 2141 782 2181 Famem;
814 2140 869 2175 ed.
899 2141 1014 2175 Maitt.
1037 2141 1169 2186 Viginti

480 2196 616 2226 nummis
631 2221 641 2235 ,
663 2207 726 2227 non
743 2208 803 2240 ego
815 2222 824 2235 ‚
845 2196 930 2228 malo
944 2196 1085 2238 famem;
1107 2194 1165 2229 ed.

482 2246 660 2281 Schrevel.
682 2249 810 2292 Viginti
827 2251 959 2281 nummis
972 2253 990 2280 Ρ
1005 2261 1066 2281 non
1080 2261 1140 2293 ego
1153 2262 1165 2281 .-

481 2300 564 2332 malo
573 2301 715 2343 famem,
732 2300 787 2335 ed.
804 2301 907 2335 Bar-b.
925 2302 1030 2335 Forte
1046 2301 1164 2347 legen-

481 2352 567 2386 dum
585 2367 647 2388 non
661 2368 708 2388 eo.
724 2354 916 2399 -Viginti
930 2357 1061 2388 nummis
1073 2382 1081 2395 ‚
1098 2363 1162 2389 etc.

1226 917 1358 950 Annon
1377 929 1487 962 parvo
1508 915 1596 949 mihi
1617 915 1723 949 satius
1741 921 1830 949 esset
1845 913 1911 949 do-

1225 970 1275 1003 mi
1301 979 1444 1004 tenuem
1467 982 1577 1015 parvo
1605 969 1722 1015 pretio
1753 977 1911 1014 emptam

1225 1036 1367 1057 sumere
1391 1035 1544 1064 coenam,
1567 1034 1672 1068 quam
1700 1030 1754 1055 tot
1782 1021 1911 1055 officiis

1225 1085 1260 1110 et
1279 1085 1379 1110 tanto
1402 1077 1522 1109 labore
1546 1077 1705 1109 fructum
1735 1074 1912 1108 demereri

1225 1138 1357 1164 rectam
1373 1141 1507 1163 coenam
1524 1129 1580 1162 vel
1598 1128 1817 1174 sportulam?
1834 1141 1912 1174 quae

1226 1192 1371 1217 centum
1400 1182 1653 1228 quadrantibus
1673 1176 1758 1225 (vel
1784 1182 1912 1227 viginti

1225 1236 1384 1282 quinque
1413 1235 1579 1269 sestertiis
1602 1231 1796 1275 aestimata).
1814 1236 1911 1269 Con·

1226 1291 1279 1323 fer
1303 1289 1347 1323 ad
1378 1289 1528 1335 Epictet.
1555 1289 1618 1322 lib.
1642 1289 1711 1328 III,
1735 1300 1810 1334 cap.
1840 1290 1911 1329 26,

1226 1351 1262 1377 et
1282 1343 1476 1388 Antholog.
1506 1343 1568 1376 lib.
1586 1343 1636 1384 V,
1661 1353 1740 1387 cap.
1767 1353 1810 1374 12
1825 1367 1835 1384 ,
1867 1341 1911 1380 εἰς

1229 1397 1437 1442 αὐτάρκειαν.

1285 1463 1299 1484 1
1311 1450 1329 1484 5
1339 1476 1346 1483 .
1368 1450 1474 1495 Quam
1489 1451 1532 1482 sit
1546 1446 1627 1482 edd.
1645 1447 1790 1482 Schrev.
1806 1447 1910 1482 Barb.

1231 1521 1245 1533 α
1259 1503 1330 1536 Alii
1350 1504 1417 1549 leg.
1439 1503 1545 1547 Quum
1565 1504 1607 1535 sit
1621 1515 1632 1536 .·
1645 1514 1710 1547 ego
1735 1501 1804 1535 Cur·
1822 1503 1875 1535 sit.
1892 1518 1906 1532 ›-

1226 1556 1436 1590 Farnab.-
1452 1556 1551 1601 Quod
1567 1558 1611 1588 sit
1624 1568 1712 1588 coena
1728 1555 1816 1588 milti.
1833 1554 1911 1588 Hoc

1227 1618 1299 1652 est,
1318 1609 1405 1643 Ideo
1423 1622 1562 1643 summo
1582 1620 1683 1642 mane
1701 1620 1766 1654 per
1785 1607 1912 1642 urbem

1225 1676 1298 1696 non
1314 1662 1493 1704 discurro,
1514 1661 1611 1708 quod
1629 1662 1756 1695 similia
1776 1674 1852 1695 mea
1874 1670 1910 1695 et

1226 1724 1287 1750 tua
1307 1716 1424 1750 officia
1449 1716 1557 1749 simili
1579 1713 1743 1748 mercede
1766 1727 1839 1748 non
1856 1727 1912 1748 re-

1225 1778 1471 1803 munerentur.
1485 1768 1631 1801 —Tibi
1649 1768 1744 1801 enim
1763 1768 1911 1814 provin-

1225 1823 1287 1856 ciae
1301 1821 1589 1856 administrandae
1603 1821 1750 1855 hahenae
1766 1821 1913 1867 permit-

1224 1884 1362 1918 tuntur,
1379 1875 1468 1908 mihi
1483 1875 1661 1920 sportula:
1676 1875 1833 1920 sportula
1849 1887 1911 1908 ve-

1224 1942 1286 1971 ro,
1309 1937 1348 1962 ut
1367 1931 1438 1974 jam
1466 1927 1638 1970 diximus,
1657 1928 1782 1973 viginti
1802 1922 1915 1974 quin-¹

1225 1994 1295 2028 que
1325 1981 1493 2015 sestertiis
1525 1981 1762 2015 aestimabatur
1784 1994 1793 2024 3
1824 1993 1910 2027 pro-

1223 2035 1380 2068 consulis
1407 2034 1591 2076 salarium,
1617 2034 1815 2080 imperante
1837 2035 1911 2067 Au-

1223 2096 1346 2134 gusto,
1365 2089 1435 2133 jam
1456 2096 1530 2121 erat
1554 2088 1636 2132 plus
1662 2099 1767 2133 quam
1792 2086 1908 2121 decies

1226 2141 1318 2179 (200
1341 2141 1426 2174 mille
1437 2141 1584 2184 francs).
1604 2141 1672 2174 En.

1282 2207 1295 2228 1
1306 2197 1340 2229 6.
1355 2195 1424 2229 Nec
1441 2207 1622 2227 mereamur.
1639 2195 1717 2228 Hoc
1735 2202 1804 2235 est,
1817 2205 1910 2227 nova

1222 2247 1380 2293 ejusdem
1398 2249 1580 2282 sententiae
1603 2247 1811 2293 παραφράσε.
1841 2246 1912 2280 Ne·

1222 2314 1291 2347 que
1306 2300 1400 2334 idem
1412 2302 1598 2347 praemium
1614 2301 1806 2335 referamus
1819 2300 1910 2345 ejus-

1223 2354 1304 2388 dem
1322 2355 1465 2389 laboris.
