1901 3259
324 227 910 274 EPIGRAMMATUM
948 226 1074 269 LIB.
1112 225 1231 267 XII.

1421 221 1482 283 73

627 371 932 435 LXXIX.

527 537 600 565 AD
649 534 1040 564 BITHYNICUM.

147 666 232 708 Nn.
255 664 299 706 in
319 672 361 706 te
381 663 558 723 scripsi,
578 662 804 723 Bithynice
827 679 835 704 :
861 659 1039 705 credere
1059 675 1148 702 non
1171 659 1260 712 vis,

217 735 274 777 Et
293 733 441 794 jurare.
456 733 583 793 jubes
605 750 613 776 :
636 732 751 777 malo
772 731 1029 777 satisfacere.

135 886 167 906 2.
187 873 234 905 Et
246 874 357 917 jurare
371 871 481 916 jubes,
502 878 566 904 etc.
586 871 638 903 De
656 882 754 903 more

79 925 170 966 sori,
203 925 263 970 qui
290 937 325 958 se
349 922 579 970 jurejurando
604 934 754 969 purgare

79 986 272 1018 recusarat,
297 990 377 1010 eum
401 977 586 1022 oportebat
609 975 752 1009 damna-

77 1040 153 1065 tum
179 1031 313 1064 solvere
332 1042 340 1063 :
359 1030 465 1064 Poeta
496 1028 584 1062 djcit
608 1041 690 1074 ergo
718 1041 754 1062 se

78 1096 150 1117 non
179 1085 398 1130 juraturum,
429 1091 463 1115 et
489 1081 593 1114 malle
621 1081 752 1115 satisfa-

77 1149 166 1170 cere.
193 1135 261 1170 Sed
285 1144 319 1169 et
343 1136 410 1169 hoc
430 1135 590 1180 ambigue
611 1148 619 1168 z
640 1135 752 1168 solve-

76 1188 187 1224 rene?
218 1202 262 1223 an
292 1188 498 1235 deprecari?
529 1200 572 1221 an
602 1188 754 1222 scribere

78 1241 172 1277 aliud
181 1242 341 1276 carmen?
350 1264 384 1269 —
391 1242 492 1275 Lusit
501 1241 755 1287 elegantissime

78 1296 115 1329 in
131 1296 274 1341 ancipiti
283 1295 538 1341 significatione
549 1295 646 1328 vocis
657 1297 752 1327 satis-

71 1354 191 1391 facere.
201 1349 314 1382 Amici
324 1348 456 1382 offensa
466 1348 601 1381 tollitur
614 1346 753 1380 duobus

79 1401 191 1436 modis
206 1402 280 1436 :vel
302 1403 330 1435 si
354 1402 472 1436 fecisse
490 1413 676 1446 negeinus3
698 1401 752 1434 vel

813 870 843 903 si
864 870 992 903 factum
1015 880 1240 909 excusemus,
1255 874 1291 900 et
1310 873 1488 912 peccatum

813 922 917 955 nobis
933 920 1130 955 condonari
1147 919 1300 966 supplici
1312 930 1416 965 prece
1428 930 1490 963 pe-

814 983 936 1008 tamus.
951 974 1157 1019 Bithynicus
1168 972 1363 1006 Martialem
1373 973 1491 1018 jurare

813 1028 925 1061 voluit
955 1040 1026 1060 non
1052 1039 1124 1060 esse
1148 1026 1278 1059 factum
1299 1038 1317 1058 a
1338 1037 1374 1058 se
1395 1022 1490 1070 quod

813 1081 871 1114 ille
889 1080 1068 1126 arguebat3
1084 1087 1221 1112 recusat
1238 1086 1341 1124 poeta
1353 1079 1491 1123 jurare,

814 1143 848 1167 et
867 1134 914 1167 ait
924 1159 933 1174 ,
944 1134 1036 1167 Malo
1051 1133 1243 1176 satisfacere.
1254 1131 1375 1164 Potest
1392 1129 1490 1163 intel-

812 1187 872 1233 ligi
891 1187 994 1220 malle
1012 1186 1132 1227 illum,
1151 1194 1192 1218 ut
1212 1184 1394 1218 hominem
1410 1182 1492 1216 reli-

813 1241 948 1287 giosum
958 1266 967 1281 ‚
982 1238 1160 1285 deprecari
1175 1239 1313 1284 culpam
1323 1249 1428 1283 quam
1435 1237 1492 1281 ju-

813 1306 902 1327 rare.
933 1294 977 1327 At
1007 1293 1065 1326 ille
1093 1291 1189 1325 aliud
1215 1291 1339 1332 sentit,
1364 1301 1494 1334 nempe

812 1354 973 1392 paratum
995 1358 1031 1379 se
1055 1346 1173 1392 potius
1200 1345 1301 1378 fateri
1326 1342 1364 1377 id
1390 1344 1488 1387 cujus

819 1400 1041 1446 arguebatur.
1067 1398 1246 1433 casaubon.

649 1537 919 1595 LXXX.

523 1695 594 1724 AD
639 1694 1014 1724 ATTlclLLAM.
1033 1673 1052 1689 ⁴*

295 1823 509 1866 DONAVI
537 1820 617 1864 tibi
641 1819 800 1875 multa,
821 1836 917 1880 quae
940 1819 1124 1879 rogasti3

294 1893 468 1935 Donavi
497 1891 574 1935 tibi
604 1890 752 1952 plura,
778 1906 909 1952 quam
936 1889 1124 1951 rogasti3

294 1962 396 2007 Non
425 1978 565 2007 cessas
591 1971 738 2006 tamen
762 1977 900 2022 usque
929 1977 999 2004 me
1024 1975 1205 2020 rogare:

294 2034 500 2095 Quisquis
526 2031 586 2076 nil
612 2042 768 2094 negat,
798 2031 1009 2088 Atticilla‚
1037 2029 1167 2075 fellat.

137 2169 151 2183 '
171 2173 212 2206 In
228 2172 394 2206 feminam
415 2171 651 2207 avarissimam
670 2172 760 2205 Atti-

85 2225 200 2259 cillam
211 2251 220 2267 ,
233 2225 291 2259 cui
309 2234 510 2260 excusatum
525 2237 561 2259 se
576 2225 651 2258 vult
665 2223 760 2271 quod

87 2291 209 2325 magua
225 2279 330 2312 etiam
349 2287 451 2325 atque
469 2279 574 2312 etiam
593 2277 761 2324 flagitanti

87 2331 229 2365 tandem
251 2332 424 2365 abnuerit.

145 2396 176 2417 1.
195 2385 341 2426 Donavi,
365 2393 429 2418 etc.
453 2383 616 2418 Notanda
637 2384 702 2417 tibi
723 2383 760 2416 in

86 2437 140 2470 his
173 2435 310 2471 duobus
342 2437 522 2471 versicm'is
556 2436 628 2470 duo
660 2446 760 2473 sunt.

87 2488 242 2535 gradatio
271 2502 399 2535 nempe
431 2498 464 2525 et
494 2490 760 2537 paronomasia;

88 2544 191 2587 cujus
207 2542 299 2576 enim
321 2543 478 2590 rhythmi
495 2552 528 2577 et
545 2544 668 2576 formae
684 2556 760 2576 ver-

88 2607 144 2628 sus
160 2595 276 2640 prior,
296 2595 450 2641 ejusdem
469 2605 517 2630 est
534 2596 717 2641 posterior.

876 2175 895 2211 4
904 2169 1276 2216 ,Fellat.Transpositis
1286 2168 1396 2201 literis
1406 2168 1501 2201 exhi-

820 2224 926 2258 bebat
939 2224 1042 2267 fallet
1057 2223 1135 2257 MS.
1158 2223 1194 2256 in
1216 2232 1323 2266 marg.
1346 2219 1400 2254 ed.
1421 2221 1498 2254 Par.

826 2279 937 2322 1617.
955 2298 1006 2303 —
1023 2277 1174 2323 Quisquis
1201 2276 1259 2308 nil.
1286 2273 1420 2320 Lepide
1445 2275 1498 2319 jo-

821 2338 919 2364 catur
938 2330 974 2363 in
995 2329 1187 2363 Atticillam
1208 2340 1344 2374 semper
1366 2325 1497 2372 aliquid

821 2392 998 2429 petentem
1009 2409 1017 2424 ‚
1035 2392 1068 2416 et
1081 2382 1145 2416 hac
1161 2382 1284 2428 saepius
1300 2379 1386 2413 dum
1404 2388 1497 2424 pete-

820 2445 874 2470 ret
884 2437 1036 2470 formula
1052 2444 1206 2470 utentem
1220 2461 1228 2476 ,
1240 2435 1350 2467 Decet
1367 2441 1400 2466 te
1411 2431 1502 2465 nihil

821 2502 957 2535 negare.
992 2489 1088 2522 Adeo
1122 2498 1224 2533 turpe
1258 2494 1328 2527 est,
1364 2485 1479 2530 inquit
1493 2510 1502 2524 ‚

822 2543 911 2576 nihil
934 2554 1061 2587 negare
1074 2568 1084 2586 ‚
1104 2550 1142 2574 ut
1159 2540 1250 2573 idem
1264 2539 1365 2572 etiam
1383 2538 1502 2571 fellare

823 2596 1005 2641 significet.
1020 2594 1111 2628 Vide
1131 2594 1193 2627 lib.
1214 2594 1277 2634 IV,
1301 2591 1407 2637 epigr.
1431 2603 1503 2624 ιιι.
