2044 3292
506 238 592 285 ¹92

869 224 930 265 M.
955 223 1034 265 VA
1049 223 1098 265 L.
1140 219 1530 263 MARTIALIS

1085 373 1329 428 XLIX.

1043 508 1387 556 HALTERES*

571 655 700 711 Qum
728 662 913 714 pereunt
937 652 1069 696 stulto
1093 652 1227 696 fortes
1250 649 1416 694 haltere
1438 649 1617 694 lacerti?

644 725 832 768 Exercet
854 722 1009 767 melius
1031 724 1158 766 vinea
1182 721 1297 766 fossa
1322 721 1452 765 viros.

564 864 692 908 Τίπτε
717 864 851 924 μα’την
879 865 1050 924 ἁλτῆρσι
1077 870 1236 907 πονεῦσι
1265 862 1474 922 βραχίονες
1498 861 1665 922 κρείσσω

644 926 724 986 ΪΞςὶ
752 936 922 996 βροτοὺς
948 935 1081 978 ἀσκεῖν
1109 935 1205 995 ἔργα
1234 932 1526 994 φυτοσκαφίης.

559 1068 574 1084 ’“
584 1073 744 1106 Halteres.
761 1071 856 1105 Dicti
872 1079 955 1105 sunt
971 1072 1014 1104 ab
1031 1071 1189 1116 ἅλλομαι,

512 1127 604 1161 salio.
618 1126 728 1159 Erant
747 1133 863 1159 autem
884 1136 1005 1158 massae
1023 1122 1169 1170 lapideae
1181 1149 1190 1165 ‚

510 1180 565 1215 vel
592 1178 773 1213 metallicae
788 1204 798 1220 ‚
820 1190 901 1212 ansa
925 1177 982 1212 vel
1003 1176 1190 1211 manubrio

512 1232 652 1274 addito,
673 1244 746 1278 quo
764 1229 958 1266 commode
977 1230 1086 1264 levari
1109 1242 1190 1276 pos-

512 1294 587 1320 sent
602 1287 645 1320 ab
668 1285 818 1319 athletis.
839 1286 891 1318 De
907 1284 1102 1318 halteribus
1121 1282 1191 1329 agit

514 1339 668 1374 Galenus
684 1339 746 1373 lib.
763 1339 800 1381 1,
813 1336 857 1372 de
870 1337 1026 1372 Sanitate
1045 1335 1188 1370 tuenda.

1248 1070 1269 1103 J
1272 1082 1328 1103 uv.
1341 1068 1410 1103 Sat.
1423 1069 1491 1108 VI,
1508 1072 1553 1108 42
1564 1080 1593 1109 1,
1615 1068 1680 1102 «Et
1693 1068 1814 1102 lassata
1830 1067 1925 1114 gravi

1249 1121 1456 1157 ceciderunt
1473 1121 1616 1155 brachia
1635 1133 1745 1155 massa
1764 1138 1778 1152 n
1798 1135 1808 1164 ;
1829 1119 1925 1167 quod

1249 1175 1293 1210 de
1308 1175 1502 1210 halterihus
1522 1173 1778 1222 accipiendum.

1307 1241 1337 1262 1.
1372 1228 1473 1274 Quid.
1501 1228 1575 1273 Quo
1603 1227 1745 1262 exhibet
1779 1226 1858 1261 cod.
1892 1227 1928 1260 in

1251 1295 1361 1328 marg.
1390 1281 1446 1316 ed.
1477 1282 1556 1315 Par.
1581 1284 1692 1326 1617.

1309 1349 1340 1369 9..
1363 1335 1490 1369 Melius.
1507 1335 1584 1368 Hoc
1609 1343 1674 1374 est,
1696 1333 1829 1368 utilius.

1191 1471 1252 1528 L.

1007 1629 1444 1659 GALERICULUM.

587 1758 659 1802 NE
682 1756 792 1801 lutet
814 1755 1090 1800 immundum
1117 1754 1275 1798 nitidos
1299 1770 1475 1798 ceroma
1499 1752 1677 1814 capillos
1693 1788 1704 1808 ,

660 1829 755 1872 Hac
786 1826 948 1889 poteris
978 1825 1173 1869 madidas
1205 1824 1393 1869 condere
1424 1823 1535 1886 pelle
1566 1840 1726 1868 comas.

592 1954 712 2028 ὄφρα
743 1969 791 2011 τὸ
816 1961 1005 2016 πηλῶδες
1034 1966 1155 2024 τρίχα
1182 1967 1235 2024 μὴ
1264 1967 1433 2024 κη’ρωμα
1461 1963 1609 2023 μιαίνοι

664 2035 936 2098 Μυρῡῧρεχῆ,
957 2039 1093 2080 πέσκει
1117 2030 1224 2091 τῷδε
1250 2030 1400 2084 πύκαζε
1425 2035 1565 2093 κόμην.

586 2190 617 2211 1.
642 2177 786 2210 Ceroma.
802 2177 854 2209 De
872 2188 941 2220 quo
958 2173 1038 2208 vide
1059 2174 1119 2207 lib.
1141 2174 1205 2213 lv,

530 2231 641 2277 epigr.
662 2242 710 2264 1v.
735 2228 975 2263 Galericulum
997 2226 1207 2260 inserviebat

532 2292 568 2318 et
581 2283 625 2317 ad
638 2281 822 2329 tegendam
839 2281 1011 2315 calvitiem
1022 2305 1033 2321 ,
1048 2288 1087 2313 ut
1103 2291 1207 2325 supra

532 2337 596 2371 lib.
612 2337 683 2371 XII
695 2364 704 2377 ,
726 2335 836 2381 epigr.
857 2347 942 2375 XLV,
962 2342 997 2367 et
1014 2332 1208 2367 defenden-

535 2389 599 2424 dos
617 2389 760 2435 capillos
776 2401 793 2421 a
811 2395 1004 2428 ceromate,
1018 2399 1090 2432 quo
1106 2386 1209 2419 inun-

535 2444 707 2489 gebantur
724 2440 931 2489 palaestritae.
952 2439 1136 2474 Suetonius
1148 2465 1156 2481 ‚
1176 2439 1210 2471 in

536 2496 699 2537 Othone,
721 2507 797 2541 cap.
821 2507 862 2527 12
882 2508 888 2526 :
907 2512 921 2523 u
937 2492 1136 2527 Galericulo
1157 2505 1212 2525 ca-

536 2549 604 2595 piti
632 2556 778 2594 propter
804 2547 983 2581 raritatem
1007 2546 1212 2591 capillorum

539 2602 702 2648 adaptato
728 2610 763 2635 et
784 2613 953 2634 annexo.»
973 2598 1194 2633 Tertulliano
1207 2624 1216 2639 ‚

540 2655 584 2689 (le
596 2655 692 2689 cultu
706 2654 914 2688 feminarum
926 2665 935 2686 ε
949 2651 1120 2697 «Affigitis
1129 2663 1218 2697 prae-

539 2719 630 2742 terea
648 2708 764 2742 nescio
781 2720 868 2752 quas
884 2706 1110 2740 enormitates
1133 2704 1217 2738 suti-

1265 2173 1354 2205 lium
1365 2181 1399 2205 et
1412 2171 1588 2204 textilium
1601 2171 1926 2216 capillamentorum
1935 2196 1944 2212 ‚

1266 2237 1360 2258 nunc
1378 2225 1414 2257 in
1433 2224 1541 2269 galeri
1564 2223 1711 2257 modum
1732 2224 1829 2269 quasi
1851 2223 1945 2269 vagi·-

1268 2291 1349 2311 nam
1368 2277 1490 2322 capitis
1507 2285 1541 2310 et
1559 2278 1767 2322 operculum
1789 2276 1946 2317 verticis,

1268 2343 1380 2372 nunc,
1393 2338 1458 2364 etc.
1468 2346 1481 2359 »
1497 2330 1594 2363 Utile
1608 2339 1775 2376 praeterea
1790 2342 1880 2377 saepe
1893 2341 1948 2375 ga-

1270 2384 1456 2418 lericulum
1476 2383 1544 2416 fuit
1562 2382 1603 2416 ad
1627 2382 1866 2418 simulandum
1889 2390 1949 2416 aut

1270 2435 1561 2471 dissimulandum
1588 2436 1746 2483 capillitii
1782 2436 1948 2469 colorem.

1271 2491 1432 2524 Juvenal.
1451 2490 1578 2524 Sat.V1
1589 2517 1598 2532 ‚
1615 2503 1629 2524 1
1640 2503 1684 2522 20
1693 2517 1701 2532 ,
1712 2489 1756 2523 de
1767 2488 1950 2523 Messalina

1273 2544 1421 2589 loquens
1438 2555 1445 2576 ε
1462 2543 1532 2576 «Et
1546 2543 1687 2589 nigrum
1705 2542 1794 2576 flavo
1817 2542 1950 2576 crinem

1278 2595 1514 2631 abscondente
1530 2596 1656 2642 galero.
1683 2613 1696 2625 ι»

1334 2664 1366 2683 2.
1385 2650 1459 2682 Hac
1469 2650 1562 2695 pelle.
1583 2650 1635 2682 Ex
1656 2661 1723 2694 qua
1746 2647 1876 2681 scilicet
1902 2646 1950 2679 fa-

1278 2712 1353 2737 ctus
1373 2712 1445 2736 erat
1460 2715 1590 2748 parvus
1611 2701 1754 2747 galerus.
