2044 3292
549 206 568 221 ⁵
882 213 944 258 M.
970 215 1109 258 VAL.
1149 217 1538 262 MARTIALIS

509 224 605 255 200

1146 365 1264 423 CL.

845 520 1216 551 cunicULAmA
1247 503 1564 552 Ροῐᾱτινιι·ιᾌ.“ι

571 645 680 688 ΗΙΕΟ
710 642 786 686 tibi
811 643 1065 705 Memphitis
1096 643 1221 689 tellus
1251 644 1326 689 dat
1355 661 1537 689 munera
1561 662 1569 687 :
1596 646 1710 689 victa
1740 656 1803 690 est

638 713 813 758 Pectine
843 713 1012 759 Niliaco
1035 716 1125 775 jam
1151 714 1381 776 Babylonis
1406 731 1521 761 acus.

570 853 776 913 Μεμφῖτις
804 854 897 915 γαίη
924 850 1027 898 τάδε
1055 872 1116 898 σοι
1143 850 1372 916 δωρήσαιτο·
1401 858 1490 911 νικᾷ

639 914 677 967 H
702 923 848 968 Νείλου
875 926 1038 979 βελόνην
1066 928 1139 974 τὴν
1168 922 1406 976 Βαὲυλῶνος
1433 928 1528 984 ὑφή.

551 1055 566 1071 ”
585 1060 738 1095 Cubicula
767 1063 926 1108 polemata
958 1063 1097 1097 Thuan.
1119 1085 1171 1090 --

499 1114 620 1148 Multis
638 1113 706 1149 filis
724 1128 786 1149 seu
807 1115 897 1150 liciis
918 1124 1089 1150 contexta.

548 1168 833 1214 —Polymitarii
865 1170 1016 1215 stragula
1049 1169 1170 1204 multis

498 1220 585 1254 liciis
609 1222 792 1264 texebant,
814 1234 890 1268 quae
907 1223 1063 1268 polymita
1086 1221 1168 1256 inde

496 1273 627 1308 Graecis
649 1275 873 1309 vocabantur.
896 1276 977 1310 Non
1003 1287 1067 1310 acu
1083 1288 1168 1321 ope-

495 1327 664 1361 rabantur
688 1327 916 1362 Alexandrini
941 1328 993 1362 illi
1016 1329 1166 1374 polymi-

498 1380 595 1422 tarii,
613 1379 675 1414 sed
696 1381 846 1427 pectine.
878 1381 968 1415 Nam
990 1381 1028 1414 in
1046 1382 1113 1416 tela
1135 1390 1169 1415 et

495 1433 649 1467 textoriis
669 1434 910 1468 instrumentis
935 1441 1045 1468 artem
1069 1447 1167 1468 suam

496 1486 704 1521 exercebant
713 1513 722 1531 ,
735 1499 773 1521 ac
786 1499 850 1533 per
863 1487 932 1521 hoc
949 1499 1028 1521 vere
1040 1496 1074 1522 et
1086 1500 1167 1533 pro-

495 1538 572 1584 prie
595 1540 768 1574 texebant.
790 1541 944 1575 Tantum
965 1549 1081 1574 tamen
1107 1553 1166 1574 eo-

493 1603 572 1625 rum
591 1593 777 1627 artificium
793 1593 860 1627 fuit
872 1602 907 1628 et
922 1592 1112 1635 industria,
1128 1602 1167 1627 ut

1229 1065 1360 1110 majore
1369 1063 1478 1097 ferme
1491 1063 1656 1097 varietate
1666 1074 1787 1097 eorum
1799 1077 1906 1110 opera

1229 1115 1536 1162 distinguerentur,
1554 1128 1658 1162 quam
1672 1129 1749 1162 quae
1766 1129 1829 1150 acu
1844 1118 1908 1151 Ba-

1228 1170 1394 1215 bylonica
1416 1177 1477 1202 aut
1495 1168 1646 1215 Phrygia
1665 1169 1758 1214 picta
1779 1178 1905 1204 essent.

1229 1222 1322 1256 Hinc
1332 1234 1403 1256 non
1418 1221 1556 1256 dubitat
1564 1222 1734 1256 Martialis
1747 1235 1905 1268 pronun-

1226 1276 1313 1309 tiare
1324 1301 1333 1318 ,
1358 1274 1610 1321 Babylonicam
1642 1287 1741 1309 acum
1775 1274 1904 1310 debere

1226 1327 1420 1362 concedere
1441 1327 1648 1373 AEgyptiaco
1669 1328 1812 1373 pectini.

1286 1393 1299 1414 1
1309 1408 1316 1415 .
1330 1381 1522 1427 Memphitis.
1531 1382 1673 1427 AEgypt.
1688 1381 1783 1414 Victa
1796 1389 1840 1414 est
1850 1395 1905 1426 ρι’-

1227 1437 1307 1467 cline
1326 1434 1467 1468 Niliaco.
1489 1434 1651 1480 Stragula
1668 1435 1710 1467 ab
1729 1434 1904 1480 AEgyptiis

1227 1495 1319 1521 texta
1336 1512 1345 1525 ,
1380 1488 1530 1521 vincunt
1560 1494 1690 1532 tapetas
1724 1496 1904 1533 vestesque

1227 1539 1436 1585 Babylonias
1455 1552 1494 1574 ac
1515 1539 1684 1585 Phrygias
1708 1552 1769 1574 acu
1793 1540 1902 1587 pictas

1226 1601 1260 1626 et
1276 1593 1360 1626 olim
1380 1601 1562 1639 tantopere
1577 1592 1743 1627 laudatas.

1116 1784 1270 1842 CLI.

1120 1935 1277 1964 zONA.

564 2041 732 2086 LONGA
759 2041 858 2084 satis
887 2057 1003 2084 nunc
1030 2057 1124 2084 sum
1148 2059 1155 2083 ι
1182 2039 1297 2084 dulci
1323 2039 1397 2083 sed
1421 2039 1612 2100 pondere
1634 2049 1783 2082 venter

634 2112 678 2154 Si
703 2120 893 2167 tumeat,
919 2110 1020 2154 fiam
1045 2121 1150 2154 tunc
1177 2111 1253 2155 tibi
1280 2126 1387 2153 zona
1413 2110 1567 2153 brevis.

561 2234 645 2277 Νῦν
670 2232 811 2283 ἱκανῶς
833 2234 902 2292 μὲν
924 2234 1089 2292 μακρὸν·
1114 2231 1216 2291 ἀτὰρ
1241 2240 1312 2282 τῆς
1336 2234 1485 2292 γαςρὸς
1508 2234 1544 2281 ἐς
1569 2232 1686 2293 ὄγκον

630 2299 882 2363 Αὐξομένης,
908 2304 1049 2362 ἔσομαι
1075 2300 1190 2362 ζῶμά
1216 2321 1278 2346 σοι
1303 2300 1408 2361 αἶψα
1434 2304 1579 2363 βραχῦ.

550 2444 579 2465 1.
602 2432 715 2477 Longa
737 2435 826 2465 εαιιζς.
846 2431 1038 2476 Cingulum
1061 2432 1159 2476 puel-

491 2485 533 2518 ]ae
549 2483 669 2518 datum
689 2484 738 2519 sic
755 2484 1092 2530 loquitur.—Dulcc'
1107 2485 1163 2516 sed

488 2537 635 2582 ponder-e.
651 2538 696 2571 H.
707 2550 736 2571 e.
752 2537 788 2572 Si
799 2536 938 2583 gravida
958 2537 1018 2571 fiat
1026 2537 1160 2583 puella,

491 2602 577 2624 zona
590 2591 730 2624 brevior
744 2591 814 2625 fiet.
832 2591 932 2624 Dulce
944 2590 1067 2635 pondus
1080 2603 1160 2635 ergo

495 2643 550 2676 hic
563 2644 752 2685 est,foetus.
769 2644 805 2678 Si
825 2657 908 2677 vero
924 2656 1002 2678 cum
1022 2643 1160 2689 quibus·

1221 2430 1299 2465 dam
1311 2443 1437 2464 zonam
1449 2430 1587 2463 virilem
1598 2428 1783 2474 intelligas,
1793 2426 1895 2461 dulce

1222 2483 1360 2528 pondus
1376 2484 1444 2517 erit
1457 2480 1679 2516 referendum
1701 2479 1742 2514 ad
1755 2481 1844 2525 gulae
1862 2488 1894 2514 et

1220 2537 1348 2570 ventris
1384 2536 1543 2570 sarcinas.
1575 2535 1690 2568 Placet
1719 2533 1815 2579 prior
1842 2532 1894 2565 in-

1222 2590 1423 2635 terpretatio
1449 2589 1608 2623 suaviore
1637 2599 1757 2626 sensu,
1787 2585 1893 2618 dubia

1222 2652 1335 2677 tamen
1359 2643 1597 2676 Saturnalium
1620 2649 1788 2685 tempore.
