1901 3259
318 250 899 296 EPIGRAMMATUM
938 250 1060 293 LIB.
1102 250 1250 292 XIII.

1390 245 1477 308 137

625 401 937 457 LXXXL

622 531 944 581 RHOMBUs.*

213 672 439 728 QUAMVIS
462 670 547 715 lata
573 682 696 732 gerat
717 671 876 733 patella
898 671 1131 715 rhombum
1152 687 1162 723 3

215 742 444 786 Rhombus
474 742 601 786 latior
627 752 691 786 est
715 752 860 786 tamen
888 741 1058 803 patella.

216 875 264 917 Εἰ
283 877 348 918 καὶ
371 872 516 935 ῥόμὲον
538 877 617 934 ἔχει
634 874 764 925 λοπὰς
785 876 943 936 μεγίςη·

215 942 372 997 Μείζων
395 952 468 995 τῆς
486 940 670 996 λοπάδος
690 946 834 1006 πέφυχ’
855 950 874 988 ὁ
897 942 1058 1004 ῥόμὲος.

142 1073 159 1089 *
172 1076 331 1109 Rhombus
343 1102 351 1116 ‚
368 1075 489 1121 gallice
507 1075 610 1107 turbo!
622 1101 632 1115 ,
653 1075 755 1121 piscis

76 1130 137 1175 qui
150 1129 301 1163 romanis
315 1129 445 1175 Apiciis
458 1136 543 1161 tunc
556 1128 704 1161 maxime
719 1128 754 1161 in

80 1182 213 1216 deliciis
224 1182 309 1224 fuit;
325 1193 439 1227 neque
453 1193 533 1214 sane
545 1182 755 1215 recentiores

75 1248 139 1269 nos
156 1236 198 1269 ab
220 1235 360 1268 illorum
374 1233 510 1281 judicio
535 1234 751 1268 recessimus.

76 1288 208 1330 Quanti
245 1296 359 1321 autem
384 1286 555 1334 quosdam
585 1287 754 1321 rhombos

76 1341 243 1383 fecerint,
259 1349 465 1386 argumento
482 1353 553 1374 esse
566 1348 680 1386 potest
699 1341 753 1375 vel

77 1394 137 1428 illa
159 1395 385 1428 celeberrima
404 1402 517 1440 satyra
535 1406 612 1439 quae
630 1402 754 1439 quarta

80 1447 207 1480 Juven.
230 1447 268 1480 in'
287 1447 349 1481 lib.
369 1447 556 1492 reperitur.
580 1448 755 1481 Ravennae

76 1500 253 1546 optimum
281 1500 431 1534 inveniri
464 1499 550 1533 dicit
570 1500 660 1533 Plin.
690 1500 751 1533 lib.

78 1553 131 1586 IX
145 1577 154 1591 ‚
175 1566 249 1598 cap.
277 1554 335 1594 54.
358 1553 438 1586 Non
464 1552 641 1586 silendum
663 1565 753 1598 prae-

78 1613 172 1640 terea
209 1607 384 1652 triplicem
418 1618 490 1640 esse
523 1606 627 1650 hujus
658 1607 753 1640 vocis

79 1659 254 1701 Rhombus,
276 1672 352 1705 quae
373 1658 517 1704 quidem
539 1671 657 1705 graecae
683 1660 753 1693 ori-

78 1712 166 1756 ginis
182 1720 252 1752 est,
267 1712 567 1758 significationem.
578 1713 642 1745 Illa
655 1724 754 1745 nem-

78 1777 123 1809 pe
136 1765 251 1810 primo
266 1764 467 1810 designatur
480 1765 754 1799 instrumentum

814 1074 1100 1108 mathematicum
1138 1073 1382 1119 magicumque
1419 1086 1489 1119 quo

814 1140 900 1173 sagae
929 1127 972 1161 ad
999 1128 1119 1160 lunam
1148 1126 1390 1160 deducendam
1415 1134 1491 1159 ute-

813 1182 965 1222 bantur3
989 1190 1065 1213 tum
1085 1189 1160 1214 rota
1188 1192 1292 1226 quam
1322 1180 1489 1225 agitantes

814 1242 961 1267 tramam
980 1234 1172 1279 glomerare
1189 1234 1319 1275 solent3
1336 1232 1489 1278 denique

812 1287 916 1333 piscis
946 1287 1004 1320 ille
1029 1285 1073 1320 de
1097 1300 1168 1333 quo
1189 1289 1222 1320 in
1246 1286 1314 1319 hoc
1338 1285 1490 1319 disticho

812 1340 992 1374 Martialis.
1005 1344 1067 1374 En.

848 1406 875 1427 1.
887 1394 1187 1426 Luta.Verborum
1199 1405 1318 1426 sensus
1330 1392 1363 1425 in
1374 1404 1492 1437 prom-

813 1455 877 1493 ptu
903 1455 977 1489 est,
1007 1445 1194 1492 aliquando
1218 1446 1349 1479 scilicet
1370 1445 1492 1477 rhom-

813 1501 898 1533 bum
933 1512 973 1533 eo
1003 1499 1200 1533 latitudinis
1230 1498 1414 1544 pervenire
1451 1505 1491 1530 ut

814 1552 982 1599 grandem
1003 1554 1157 1598 patinam
1178 1551 1332 1586 excedat.
1348 1551 1403 1584 Sic
1417 1551 1491 1583 Ho-

813 1615 877 1640 rat.
893 1606 966 1639 Ser.
984 1607 1046 1639 lib.
1063 1608 1118 1647 II,
1136 1614 1197 1639 sat.
1212 1618 1240 1638 11
1252 1632 1260 1645 ,
1277 1604 1345 1649 95:
1366 1621 1379 1634 α
1393 1616 1491 1649 gran-

814 1658 875 1693 des
890 1660 1060 1693 rhombos
1077 1676 1090 1688 »
1107 1672 1117 1700 ;
1137 1668 1169 1692 et
1186 1671 1290 1703 supra
1314 1658 1417 1690 citata
1439 1668 1490 1689 sa-

815 1721 891 1758 tyra
907 1714 990 1745 Juv.
1013 1726 1061 1745 vs.
1080 1712 1123 1755 39
1139 1724 1145 1745 :
1164 1710 1314 1744 «Incidit
1326 1709 1489 1743 Hadriaci

816 1765 968 1810 spatium
989 1764 1193 1798 admirabile
1213 1764 1365 1798 rhombi.
1385 1780 1396 1794 »ι
1417 1763 1483 1796 En.

613 1893 954 1948 LXXXH.

690 2044 878 2072 OSTREA.

150 2149 300 2192 EBRIA
328 2147 491 2192 Baiano
521 2147 620 2191 veni
648 2148 780 2192 modo
811 2148 979 2192 concha
1010 2148 1223 2202 Lucri1103

218 2217 376 2263 Nobile
407 2235 524 2263 nunc
552 2219 649 2262 sitio
680 2217 899 2263 luxuriosa
926 2234 1093 2279 garum.

138 2360 169 2381 1.
183 2349 297 2381 Ebria.
321 2348 368 2383 H.
388 2362 420 2383 e.
441 2356 592 2383 saturata
608 2358 642 2383 et
661 2358 758 2396 pasta

80 2399 117 2433 in
136 2401 213 2434 lacu
233 2401 387 2435 Lucrino
415 2415 527 2449 prope
552 2402 661 2436 Baias.
680 2403 757 2436 Ma-

81 2453 237 2496 crobius,
273 2455 309 2487 in
344 2455 584 2490 Saturnalium
616 2456 676 2489 lib.
697 2456 752 2495 II,

79 2517 156 2550 cap.
185 2519 199 2539 1
212 2518 242 2540 1.
268 2523 281 2536 α
297 2506 437 2553 Sergius
460 2508 604 2542 Orata...
620 2509 755 2554 primus

81 2558 253 2603 optimum
275 2572 432 2605 saporem
453 2561 574 2595 ostreis
593 2561 756 2595 Lucrinis

817 2348 1042 2395 adjudicavit.
1062 2366 1076 2379 »ν

874 2415 906 2436 2.
927 2402 1045 2449 qu'llae
1056 2403 1136 2435 Vat.
1158 2423 1209 2427 —
1228 2400 1343 2435 Nobile
1368 2413 1492 2445 garum.

816 2455 898 2497 Quo
922 2467 1049 2501 nempe
1075 2454 1266 2500 liquamine
1291 2461 1388 2499 capta
1410 2466 1495 2487 con-

815 2507 965 2542 diuntur
975 2516 1098 2542 ostrea.
1108 2509 1160 2541 De
1169 2519 1252 2552 garo
1267 2506 1357 2540 infra
1370 2514 1494 2540 tracta·-

815 2561 930 2595 bimus
951 2560 993 2594 ad
1017 2561 1227 2607 epigramma
1250 2571 1311 2592 cu.
