1901 3259
347 213 928 258 EPIGRAMMATUM
967 214 1093 256 LIB.
1134 213 1252 255 XII.
1477 211 1501 257 5

165 302 351 348 Auriferi
381 302 435 346 de
463 312 591 364 gente
606 303 738 364 Tagi,
769 302 993 362 tetricique.
1025 299 1218 355 Salonis,

234 376 323 418 Dat
348 373 512 434 patrios
542 374 696 417 Manes
725 390 819 434 quae
848 371 955 415 mihi
981 381 1098 415 terra
1125 380 1293 432 potens.

164 447 263 488 Non
288 454 436 488 tamen
458 444 618 505 hospes
642 445 724 488 eris
741 479 753 499 ,
778 459 859 487 nec
875 443 966 502 jam
987 451 1112 503 potes
1136 441 1303 486 advena
1328 440 1433 496 dici,
1491 461 1503 482 s

234 515 370 575 Cujus
399 515 534 558 habet
562 514 716 558 fratres
746 523 812 558 tot
840 513 996 557 domus
1026 512 1113 557 alta
1137 513 1278 555 Remi.

164 588 267 629 Jure
293 595 370 629 tuo
395 584 643 630 veneranda
673 586 776 629 novi
800 594 899 646 pete
925 583 1075 628 limina
1105 582 1277 642 templi,

234 655 420 700 Reddita
450 657 589 699 Pierio
620 665 721 699 sunt
745 655 820 699 ubi
847 653 1010 715 templa
1039 654 1188 698 choro.

164 725 246 770 Vel
273 728 306 770 si
336 725 559 781 malueris,
589 728 730 787 prima
753 725 950 786 gradiere
974 725 1170 768 Suburra
1192 741 1200 767 :

235 798 355 840 Atria
383 807 484 841 sunt
512 796 597 840 illic
627 796 814 840 consulis
841 795 927 839 alta
951 797 1048 838 mei.

166 868 428 927 Laurigeros
456 867 624 910 habitat
650 866 863 910 facundus
894 865 1026 909 Stella
1052 867 1257 920 Penates,

238 936 392 981 Clarus
419 939 627 997 Hyanteae
657 936 788 980 Stella
819 937 959 980 sititor
984 952 1118 996 aquae.

99 1059 249 1097 Romam,
266 1066 333 1092 etc.
353 1059 406 1091 Ita
419 1058 491 1091 fere
502 1057 652 1091 Ovidius
664 1083 674 1098 ‚
688 1058 769 1092 Tri-

98 1110 271 1143 stiumlib.
290 1112 326 1143 ΙΙ
337 1137 346 1152 ,
357 1112 442 1156 eleg.
456 1123 540 1152 πᾶς.
564 1123 577 1144 1
594 1123 601 1144 z
619 1111 749 1144 «Parve
761 1137 771 1152 ‚

98 1176 162 1197 nec
179 1163 321 1197 invideo
334 1190 344 1205 ‚
361 1164 437 1197 sine
454 1177 512 1196 me
538 1164 629 1197 liber
651 1164 718 1196 ibis
736 1164 770 1197 iu

98 1213 392 1250 Urbem.n—Io.'
405 1217 529 1262 saepius
545 1217 699 1250 laetitiam
716 1215 773 1250 de-

98 1277 213 1311 notat,
226 1269 284 1302 hic
302 1283 368 1315 pro
386 1270 436 1303 O!
447 1270 601 1315 positum
615 1270 691 1303 fuit.
701 1271 770 1303 ED-

154 1322 187 1355 3.
202 1323 366 1365 Auriferi,
383 1331 448 1356 etc.
462 1324 513 1356 Ex
526 1323 692 1368 Hispania
705 1336 775 1356 me·

100 1375 190 1408 tallis
210 1375 359 1417 celebri,
380 1377 442 1409 ubi
463 1376 593 1409 aurifer
602 1377 718 1421 Tagus
741 1384 775 1409 et

98 1426 198 1468 Salo,
216 1430 313 1473 cujus
330 1429 429 1474 aquis
447 1429 583 1462 ferrum
603 1438 774 1474 tempera-

100 1488 168 1514 tur.
182 1481 244 1514 lib.
263 1482 280 1513 I
294 1507 302 1523 ‚
315 1482 426 1527 epigr.
442 1495 480 1524 L,
496 1494 584 1515 vers.
605 1494 617 1514 1
629 1495 646 1515 2
665 1491 698 1515 et
716 1482 772 1516 15.

100 1533 204 1567 Hunc
219 1534 311 1568 forte
331 1535 494 1568 tetricum
513 1543 612 1568 vocat
630 1544 777 1580 propter

100 1595 248 1631 agrestes
262 1599 321 1621 seu
334 1588 474 1622 tetricos
496 1596 530 1622 et
545 1600 682 1622 severos
702 1589 775 1634 ejus

102 1640 245 1674 accolas.

158 1696 192 1733 4.
217 1693 315 1738 Quod
330 1694 466 1728 Beverl.
489 1695 558 1727 Pro
581 1702 692 1739 potens
716 1694 777 1727 alii

99 1759 224 1789 parens.
237 1768 288 1773 —
298 1748 370 1780 Dat
379 1751 502 1792 patrios
515 1747 640 1780 inanes.
656 1748 698 1780 In
709 1759 776 1792 qua

103 1798 234 1832 scilicet
257 1808 350 1832 terra
376 1799 511 1833 conditi
539 1808 620 1833 sunt
644 1800 779 1833 cineres

105 1863 265 1884 meorum
286 1861 493 1898 parentum,
513 1861 546 1886 et
567 1865 645 1898 quae
666 1852 779 1898 patria

106 1915 182 1937 mea
200 1912 260 1938 est.

161 1960 196 1991 6.
220 1958 343 1991 Domus
378 1959 457 1992 alta.
492 1960 533 1991 In
566 1956 781 2004 quibusdam

104 2010 284 2055 legebatur
299 2011 407 2044 domus
425 2024 497 2044 una.
517 2033 554 2038 -—
576 2011 675 2055 Cujus
691 2010 784 2042 habet

101 2063 232 2105 ⁸fratres.
250 2065 368 2098 Romae
387 2064 539 2110 quippe,
557 2075 662 2110 quam
681 2063 783 2097 Remi

108 2114 256 2150 domum
275 2126 375 2151 vocat
387 2143 396 2159 ,
417 2117 653 2163 praecedentes
675 2118 784 2150 libros

107 2169 309 2214 scripserat:
325 2171 445 2203 Romae
460 2179 575 2204 autem
593 2170 736 2215 triginta
751 2177 786 2203 et

108 2230 258 2266 quatuor
286 2223 386 2257 annis
413 2232 604 2263 manserat,
636 2224 699 2257 lib.
732 2224 765 2256 X
776 2249 785 2265 ‚

109 2275 218 2319 epigr.
234 2288 305 2310 crv.

163 2341 198 2372 7.
216 2329 340 2361 Limina
354 2330 468 2373 templi.
492 2346 505 2359 α
520 2329 667 2374 Corrigo
678 2330 786 2362 limina

113 2384 185 2413 tecti
194 2394 206 2414 .·
216 2382 296 2427 quia
313 2382 427 2427 templa
441 2383 513 2427 jam
532 2381 630 2415 dabit
645 2395 694 2416 vs.
709 2395 790 2428 pro·

114 2433 217 2467 ximo.
240 2435 352 2468 Mavis
373 2443 413 2468 tu
434 2443 551 2468 tamen
573 2435 725 2468 retinere
747 2436 788 2467 li-

114 2487 197 2518 mina
214 2488 339 2532 templi,
362 2500 427 2533 per
444 2501 500 2522 me
520 2488 661 2530 licebit3
680 2487 788 2522 modo

113 2551 163 2571 vs.
188 2551 239 2584 sq.
275 2552 339 2584 pro
371 2541 502 2586 templa,
533 2542 624 2586 legas
653 2549 746 2574 tecta.
770 2560 783 2572 »ι

117 2591 167 2623 De
189 2592 290 2638 Rooy.
313 2593 519 2637 Ingeniose3
544 2607 562 2627 e
580 2593 718 2628 duobus
739 2603 789 2627 ta-

117 2656 197 2678 men
217 2657 293 2691 quae
308 2646 468 2691 conjicit,
487 2647 586 2692 prior
600 2647 705 2682 lectio
723 2660 792 2682 ma-

829 1057 880 1102 gis
898 1057 986 1090 mihi
1004 1056 1154 1098 arridet,
1176 1065 1283 1101 atque
1305 1057 1360 1089 vix
1382 1056 1507 1090 dubito

831 1110 919 1155 quin
949 1110 1126 1155 scripserit
1154 1109 1323 1142 Martialis
1350 1112 1433 1142 tecti.
1455 1132 1508 1136 --

831 1163 910 1195 Jure
939 1170 992 1194 tuo
1017 1162 1220 1203 veneranda,
1251 1170 1316 1196 etc.
1349 1162 1508 1208 Namque

832 1216 1003 1261 templum
1018 1215 1250 1263 estwApollinis
1264 1224 1297 1248 et
1310 1215 1488 1249 Musarum
1500 1243 1510 1256 ,

832 1269 875 1302 ab
896 1270 1056 1314 Augusto
1077 1269 1113 1301 in
1136 1268 1268 1301 Palatio
1295 1269 1507 1309 excitatum;

832 1322 869 1354 in
889 1334 960 1367 quo
981 1330 1167 1367 poetarum
1190 1334 1297 1367 opera
1315 1321 1510 1354 recitaban-

832 1383 893 1408 tur
914 1382 947 1407 et
968 1375 1118 1419 probata
1143 1375 1402 1420 reponebantur
1428 1387 1509 1408 cuni

834 1427 1053 1472 imaginibus.

890 1482 922 1515 8.
940 1481 1077 1513 Reddita
1091 1481 1211 1513 Pierio.
1229 1482 1270 1513 In
1286 1480 1414 1526 palatio
1430 1481 1492 1513 Mu
1510 1501 1511 1504 =

834 1545 951 1566 sarum
989 1542 1092 1579 atque
1131 1533 1304 1579 Apollinis
1343 1534 1511 1579 templum

835 1586 1048 1620 excitaverat
1068 1587 1242 1632 Augustus
1255 1608 1264 1623 ‚
1286 1586 1347 1619 uhi
1364 1587 1511 1631 probata

832 1647 1016 1685 poetarum
1057 1640 1186 1684 scripta
1228 1640 1490 1684 reponebantur
1502 1666 1511 1680 ,

833 1691 931 1738 quod
967 1693 1082 1726 Nerva
1120 1691 1250 1725 deinde
1288 1693 1440 1726 restituit
1473 1693 1511 1725 in

833 1745 978 1790 gratiam
996 1745 1096 1778 chori
1115 1745 1218 1778 Pierii
1236 1757 1296 1777 seu
1314 1745 1514 1786 Musarum,

836 1805 871 1831 et
890 1798 1050 1843 ipsorum
1072 1798 1178 1831 etiam
1196 1806 1391 1843 poetarum.

892 1864 927 1894 9.
942 1852 1053 1884 Prima
1066 1850 1221 1883 Saburra.
1239 1851 1280 1883 In
1298 1853 1398 1896 cujus
1416 1850 1515 1884 aditu

838 1904 1016 1937 habitabat
1045 1903 1170 1945 Stella,
1203 1902 1248 1936 de
1281 1916 1355 1948 quo
1383 1904 1443 1937 lib.
1476 1905 1514 1945 Ι,

839 1957 948 2002 epigr.
970 1969 1052 1991 vnI.

898 2022 952 2042 10.
980 2009 1127 2043 Consulis
1142 2012 1212 2044 mei.
1229 2009 1342 2043 Stellae
1354 2035 1362 2050 ‚
1377 2010 1433 2043 cui
1452 2022 1516 2055 ego

841 2063 1062 2096 consulatum
1081 2063 1162 2096 vovi
1179 2075 1187 2096 2
1210 2063 1270 2096 lib.
1304 2063 1377 2102 IX,
1405 2063 1516 2108 epigr.

842 2127 947 2150 xmn.
957 2116 1077 2149 —Vel
1088 2141 1098 2157 ‚
1115 2115 1204 2149 mihi
1218 2115 1378 2149 faventis.

902 2181 960 2202 12.
977 2168 1094 2202 Clarus
1114 2169 1274 2216 Hyanteae
1297 2168 1401 2202 Stella
1419 2170 1524 2201 sititor

843 2221 926 2255 libri
960 2230 1107 2256 recentt.
1142 2221 1204 2255 sed
1239 2220 1320 2255 edd.
1353 2229 1440 2255 vett.
1466 2222 1522 2255 vel

839 2283 971 2319 potator
986 2274 1084 2320 quod
1109 2283 1160 2308 est
1183 2274 1361 2321 elegantiae
1387 2283 1422 2308 et
1438 2274 1524 2320 rhy-

846 2327 946 2361 thmo
957 2328 1185 2370 contrarium,
1195 2328 1386 2373 velpetitor.
1397 2326 1525 2369 Quoad

846 2393 984 2413 sensum
1005 2407 1014 2423 ,
1045 2380 1090 2414 de
1117 2381 1213 2415 fonte
1248 2380 1432 2414 Ianthidos
1467 2392 1529 2413 seu

847 2434 1064 2467 Violantillae
1084 2434 1297 2479 intelligunt.
1315 2434 1405 2466 Nam
1423 2434 1531 2466 sititor

849 2495 901 2521 est
919 2487 1025 2520 Stella
1037 2513 1046 2528 ‚
1065 2487 1126 2532 qui
1146 2486 1208 2520 diu
1223 2486 1369 2520 ambivit
1382 2486 1532 2519 Violan-

849 2540 983 2581 tillam,
1011 2539 1112 2573 Statii
1132 2539 1289 2584 Epithal.
1317 2538 1412 2584 Sylv.
1435 2539 1470 2578 I,
1494 2539 1532 2572 in

850 2595 948 2640 cujus
988 2592 1122 2626 aedibus
1162 2591 1426 2637 limpidissimus
1466 2591 1534 2625 suit

852 2646 952 2689 fons,
971 2645 1014 2679 de
1034 2659 1106 2692 quo
1126 2644 1207 2679 vide
1227 2645 1289 2678 lib.
1305 2645 1397 2688 Vll,
1420 2644 1534 2690 epigr.

1280 2706 1329 2759 ¹3
