1901 3259
344 228 925 272 EPIGRAMMATUM
964 227 1088 269 LIB.
1131 226 1266 268 XIV,

1417 222 1513 268 233

709 380 917 437 CXX.

501 536 717 565 LIGULA
771 514 1125 565 ARGENTEA.*

176 663 402 719 QUAMV1s
426 678 495 704 me
525 660 701 722 ligulam
733 660 878 705 dicant
908 661 1161 721 equitesque
1186 668 1439 720 patresque,

246 733 381 776 Dicor
409 733 463 776 ab
492 731 677 775 indoctis
711 730 874 792 lingula
905 731 1212 791 grammaticis.

160 867 172 879 ¹
203 871 327 915 Ligula.
359 871 388 903 A
415 870 533 915 lingua
565 868 779 903 deducitur:

107 933 222 956 tamen
244 935 335 966 „usus
366 923 561 956 invaluerat
587 930 627 955 ut
660 922 780 966 ligula,

106 988 177 1009 non
199 976 334 1019 lingula,
353 974 550 1016 diceretur,
571 987 676 1020 quam
697 975 782 1008 Gel-

107 1030 171 1061 lius
191 1029 252 1061 lib.
278 1029 328 1063 X,
351 1041 426 1074 cap.
455 1028 499 1062 25
524 1027 649 1061 definit
678 1044 691 1057 «
708 1027 780 1072 gla-

106 1079 239 1114 diolum
253 1081 288 1114 in
303 1081 455 1127 speciem
470 1080 596 1126 linguae
611 1081 752 1114 factum.
763 1096 776 1109 n

842 868 897 902 Sic
911 869 1018 902 Poeta
1034 869 1147 914 carpit
1161 867 1402 913 grammaticos
1414 894 1423 909 ‚
1441 868 1519 912 qui,

842 934 907 955 usu
928 922 1109 966 neglecto,
1128 921 1282 954 nominis
1301 921 1522 965 etymologiae

842 974 1070 1019 pertinaciter
1096 973 1289 1007 adhaerent.
1318 974 1440 1019 Ligula
1471 982 1521 1006 est

842 1027 946 1060 etiam
963 1040 1135 1060 mensurae
1149 1039 1267 1072 genus.
1285 1026 1377 1059 Vide
1396 1026 1455 1059 lib.
1473 1027 1518 1062 V,

842 1081 951 1125 epigr.
976 1093 1053 1121 nx,
1077 1092 1132 1113 11.

695 1215 932 1273 CXXL

611 1353 1031 1402 COCHLEARim*

180 1502 279 1543 Sum
312 1498 499 1542 cochleis
531 1497 709 1551 habilis,
734 1498 807 1541 sed
837 1514 917 1541 nec
944 1498 1087 1541 minus
1114 1498 1230 1541 utilis
1259 1500 1371 1547 ovis:

250 1568 475 1629 Numquid
511 1569 616 1621 scis,
648 1569 793 1629 potius
822 1585 901 1612 cur
930 1567 1156 1612 cochleare
1191 1568 1348 1612 vocer?

164 1696 178 1708 *
196 1701 365 1734 cochleare
384 1699 462 1734 cod.
480 1700 615 1733 Beverl.
634 1699 784 1732 exhibet.

165 1775 214 1779 —-
236 1753 431 1786 Coclzlearia.
453 1753 584 1798 Supple
603 1753 717 1796 ligula,
739 1753 790 1785 in-

113 1807 190 1851 quit
209 1806 413 1839 Farnabius.
434 1805 489 1839 Ad
511 1804 598 1851 quid
619 1805 712 1838 enim
734 1817 788 1838 re-

113 1860 265 1892 ferretur
280 1859 393 1891 habilis
411 1868 445 1893 et
465 1859 549 1891 utilis
561 1863 579 1891 ‚³
594 1858 684 1891 Mihi
706 1871 788 1892 vero

113 1910 252 1945 videtur
268 1912 373 1945 Poeta
389 1912 570 1951 σολοικίζειν
589 1923 596 1944 :
617 1920 676 1944 aut
695 1924 791 1945 men-

113 1963 198 1997 dum
228 1973 278 1998 est
306 1965 342 1997 in
367 1965 542 1999 lemmate.
559 1986 610 1991 -—
627 1963 696 1998 Sed
716 1963 789 1998 vid.

119 2025 192 2050 not.
217 2030 289 2063 seq.
371 2036 388 2053 ι

170 2085 199 2103 1.
224 2071 366 2104 Habilc's.
382 2096 389 2102 .
404 2097 411 2103 .
425 2071 521 2104 utilis.
543 2071 702 2116 Utraque
722 2084 788 2104 vox

113 2123 274 2156 feminini
310 2131 369 2156 aut
403 2123 584 2157 masculini
618 2124 753 2169 generis
780 2150 789 2165 ‚

114 2187 224 2221 quum
243 2186 359 2210 tamen
379 2177 536 2209 cochleare
551 2177 714 2211 neutrius
732 2177 786 2211 sit.

114 2227 202 2263 Idne
217 2227 419 2263 mirandum
435 2229 560 2263 valde?
573 2239 608 2264 et
621 2229 716 2264 dices
725 2256 734 2272 ‚
752 2238 791 2263 ut

114 2281 234 2316 dixere
264 2281 410 2327 quidam
422 2308 431 2325 ,
454 2283 650 2316 Martialem
686 2288 790 2317 σολοι-

115 2335 234 2373 mitem?
258 2335 429 2377 Minime3
456 2348 535 2368 nain
564 2337 724 2370 cochleare
747 2336 790 2370 de

114 2399 150 2421 se
163 2387 340 2433 loquitur:
355 2401 463 2433 porro
479 2389 537 2422 illa
551 2397 688 2423 tantum
704 2402 791 2424 neu-

117 2440 207 2473 trius
225 2441 361 2485 generis
381 2442 507 2475 merito
529 2442 694 2476 videntur
715 2456 791 2488 quae

116 2505 287 2533 inanima,
303 2506 379 2538 quae
395 2503 428 2527 et
444 2494 524 2527 vitae
544 2504 578 2528 et
596 2508 714 2529 sensus
731 2509 789 2529 ex·-

116 2546 228 2590 pertia
245 2554 351 2587 sunt;
369 2559 445 2592 quae
464 2556 579 2580 autem
598 2549 791 2594 loquuntur

116 2607 176 2631 aut
207 2599 302 2644 loqui
325 2599 520 2644 finguntur,
538 2613 578 2634 ex
607 2613 648 2634 eo
678 2603 789 2635 solum

117 2650 211 2695 quod
230 2652 435 2697 loquuntur,
455 2655 522 2695 jam
541 2666 615 2687 non
639 2655 790 2689 inanima

849 1708 952 1740 sunt,
979 1708 1011 1733 et
1044 1712 1155 1744 quum
1177 1712 1212 1733 se
1237 1700 1448 1738 nominant,
1475 1703 1523 1734 vcl

849 1752 1040 1785 masculino
1057 1753 1111 1786 vel
1128 1753 1300 1785 feminino
1315 1753 1435 1798 generi
1454 1766 1525 1787 sese

848 1804 1026 1839 addicunt.
1045 1805 1081 1838 Si
1103 1815 1218 1839 tamen
1238 1819 1341 1851 supra
1366 1807 1524 1839 cochlear«

849 1857 991 1892 dixisset
1009 1858 1095 1904 quid
1114 1859 1260 1892 haberet
1276 1859 1429 1892 nominis
1442 1885 1451 1900 ,
1468 1860 1527 1892 mi-

824 1938 828 1942 .
847 1923 913 1945 nus
935 1913 1052 1945 forsan
1075 1912 1227 1957 placeret
1254 1913 1413 1945 neutrius
1446 1913 1523 1946 ioco

848 1964 1038 1998 femineum
1059 1974 1117 1998 aut
1139 1965 1376 1998 masculinum
1392 1978 1499 2010 genus
1515 1980 1522 2006 ς

848 2030 956 2063 quum
974 2027 1088 2051 autem
1106 2018 1144 2051 id
1161 2031 1232 2051 non
1251 2017 1526 2064 accide1·it,ju1·e

848 2084 910 2104 suo
944 2072 1057 2104 habilis
1088 2084 1160 2104 non
1187 2072 1307 2111 habile,
1338 2072 1421 2104 utilis
1452 2085 1523 2105 non

849 2125 924 2157 utile
946 2125 1073 2157 Noster
1092 2124 1193 2157 dixit.

906 2190 937 2210 2.
962 2177 1030 2211 Cur
1048 2178 1218 2211 cochleare.
1242 2177 1374 2211 Gallice
1395 2179 1523 2217 cualler,

848 2229 1031 2264 sorbendis
1063 2231 1138 2264 ovis
1172 2244 1244 2264 non
1277 2231 1393 2264 minus
1424 2243 1527 2275 quam

850 2284 1000 2318 cochleis
1020 2284 1175 2317 inservit.
1197 2283 1267 2318 Sed
1286 2284 1366 2329 quia
1380 2310 1388 2325 ‚
1410 2284 1527 2329 inquit

849 2336 1004 2370 Raderus
1015 2362 1024 2379 ,
1040 2336 1084 2370 ad
1101 2349 1202 2371 usum
1216 2337 1439 2370 cochlearum
1456 2338 1528 2381 pri-

850 2402 948 2423 mum
965 2390 1148 2423 inventum
1171 2403 1275 2431 reor,
1296 2402 1426 2423 nomen
1448 2388 1530 2422 inde

848 2443 993 2477 retinuit
1021 2444 1139 2489 potius
1153 2470 1161 2484 ‚
1189 2456 1295 2488 quam
1313 2443 1357 2476 ab
1381 2442 1455 2475 ovis
1475 2454 1528 2475 ac-

850 2497 952 2540 cepit.
978 2498 1066 2537 Aut,
1091 2505 1128 2529 ut
1148 2497 1195 2530 ait
1218 2496 1431 2541 ingeniosius
1459 2496 1528 2527 Do-

850 2549 986 2591 mitius,
1006 2550 1200 2583 cochlearia
1220 2549 1391 2594 appellata
1410 2556 1488 2580 sunt
1511 2560 1526 2579 a

850 2603 963 2646 specie
980 2603 1200 2636 cochlearum
1215 2627 1222 2641 ,
1239 2615 1311 2635 non
1326 2602 1368 2635 ab
1388 2602 1531 2645 alicujus

850 2655 916 2687 cibi
941 2668 1014 2688 usu.
