1901 3259
291 222 502 266 EPIGR
523 221 880 264 AMMATUM
919 221 1042 264 LIB.
1081 222 1221 264 XIV.

1362 237 1459 281 209

610 371 904 428 LXXIX.

642 529 878 560 FLAGRA.

122 657 304 699 LUDITE
332 654 508 710 lascivi,
532 655 607 698 sed
631 664 801 698 tantum
832 654 965 698 ludite
983 690 994 711 ⁷
1025 655 1162 708 servi3

194 727 297 769 Haec
324 726 491 786 signata
521 725 626 768 mihi
652 726 841 786 quinque
866 725 1018 768 diebus
1048 734 1186 768 erunt.

122 859 298 914 Παίζετε
324 869 389 905 νῦν
416 862 554 922 ἰταμοὶ
584 858 719 924 (μόνον
748 862 874 924 αὐτὰρ
902 859 1083 918 παίζετε)
1110 858 1259 907 δοῦλοι·

192 933 366 994 Σφρηγὶς
389 934 473 992 ἔχοι
499 951 566 993 μοι
587 934 702 976 ταῦθ’
726 937 852 994 ἥμασι
874 936 993 977 πέντε
1017 934 1162 994 μόνοις.

109 1084 141 1105 1.
163 1071 229 1104 Sed
247 1079 366 1104 tantum
388 1071 496 1104 ludite.
516 1070 639 1104 Monet
657 1083 728 1104 ser·

50 1137 112 1157 vos
141 1132 180 1157 ut
206 1123 341 1157 tantuin
365 1123 509 1165 ludant,
538 1135 604 1157 nec
631 1122 729 1157 aliud

52 1185 199 1218 tentent,
218 1177 256 1210 h.
276 1189 294 1209 e
321 1176 412 1210 nihil
431 1177 592 1209 furentur
611 1185 644 1209 et
663 1177 730 1209 sibi

54 1238 231 1263 reservent
241 1242 250 1270 ;
261 1229 415 1275 alioquin
428 1229 614 1274 praeteritis
626 1229 730 1274 quin-

51 1295 120 1328 que
138 1283 420 1316 Saturnaliorum
439 1281 581 1324 diebus,
600 1282 731 1327 quibus

51 1334 189 1368 domini
211 1335 293 1381 ipsis
312 1335 534 1377 serviebant,
554 1334 670 1380 flagris
687 1335 730 1368 il-

54 1388 108 1422 los
130 1387 353 1434 excipiendos
373 1388 547 1433 intelligit.

111 1453 143 1474 2.
164 1441 247 1474 Hoec
270 1443 410 1486 signata.
429 1441 572 1474 Annulo
600 1440 731 1487 signata

789 1079 823 1104 et
846 1071 975 1104 inclusa
990 1097 999 1112 ‚
1023 1071 1076 1104 uti
1102 1071 1291 1116 Pompeius
1315 1071 1466 1116 signarat

789 1124 873 1156 olim
899 1122 1029 1169 gladios
1062 1123 1229 1156 militum.
1254 1124 1465 1157 Notabimus

789 1177 846 1209 hic
876 1177 1030 1210 breviter
1053 1185 1188 1209 tantum
1219 1177 1283 1209 tria
1313 1176 1467 1222 antiquis

790 1229 1072 1263 verberationum
1093 1241 1222 1274 genera
1243 1229 1279 1262 in
1300 1242 1365 1262 usu
1386 1229 1469 1262 fuis-

791 1295 844 1323 se;
868 1283 1079 1316 fustuarium
1100 1294 1228 1327 nempe
1245 1281 1339 1327 quod
1360 1282 1468 1316 fustes

791 1344 824 1368 et
845 1335 932 1368 vites
955 1335 1175 1376 continebat3
1203 1334 1314 1380 virgas
1340 1334 1467 1380 quibus

791 1388 893 1421 liberi
915 1396 948 1421 et
966 1388 1056 1422 servi
1077 1387 1333 1433 puniebantur3
1351 1395 1385 1421 et
1405 1387 1466 1421 fla-

791 1453 850 1486 gra
869 1441 995 1486 quibus
1016 1440 1080 1475 soli
1102 1441 1192 1475 servi
1212 1439 1343 1474 afflicti.

622 1576 892 1631 LXXX.

628 1712 885 1761 BERULAEf

123 1861 292 1904 INvlsAE
315 1858 497 1902 nimium
523 1857 691 1917 pueris,
714 1866 933 1917 grataeque
959 1859 1193 1919 magistris,

192 1930 325 1974 Clara
351 1927 615 1972 Prometheo
643 1943 823 1971 munere
854 1927 969 1988 ligna
1000 1944 1160 1972 sumus.

122 2062 272 2106 Κλεινὰ
298 2060 549 2123 Προμηθείου
573 2063 745 2121 πέλομεν
775 2057 875 2111 ξύλα
904 2055 1033 2121 δώρου
1059 2063 1195 2115 ἕκητι,

193 2133 338 2176 Παισὶν
370 2132 547 2191 ἐπαχθέα
578 2133 670 2192 μὲν,
699 2125 980 2191 παιδοτρίὲαις
1012 2126 1057 2174 δὲ
1088 2131 1196 2191 φίλα.

104 2261 119 2275 ”
139 2265 258 2298 Fet-ula
284 2263 363 2297 edd.
390 2263 517 2308 Delph.
545 2263 723 2296 Schrevel.

53 2318 165 2351 Maitt.

111 2383 141 2403 1.
165 2371 279 2403 Invisoe
299 2372 416 2414 pueris,
441 2369 578 2409 Quibus
600 2379 727 2413 nempe

53 2424 104 2456 illi
126 2422 308 2455 caeduntur
331 2430 365 2455 et
388 2429 594 2454 coercentur
616 2433 633 2453 a
655 2433 728 2453 ma-

53 2475 179 2521 gistris.
196 2475 321 2508 Juven.
333 2474 401 2506 Sat.
417 2474 452 2514 I,
481 2486 494 2506 1
506 2474 523 2506 5
541 2485 548 2505 :
573 2490 585 2501 ‹-
603 2474 646 2506 Et
664 2485 728 2506 nos

53 2541 135 2573 ergo
152 2539 291 2560 manum
308 2526 426 2559 ferulae
441 2525 683 2559 subduximus.
698 2542 710 2553 n

112 2594 142 2614 2.
167 2580 265 2613 Clara
285 2579 481 2612 Prometheo.
503 2578 729 2611 Prometheus

56 2634 149 2667 enim
162 2633 273 2666 ferula
286 2631 329 2666 ad
342 2643 484 2665 currum
497 2630 577 2665 solis
589 2629 730 2664 admota

127 2707 216 2749 III.

786 2263 901 2307 ignem
920 2262 1063 2307 Superis
1080 2262 1264 2305 suhduxit,
1284 2271 1319 2297 et
1338 2264 1373 2297 in
1392 2273 1462 2297 ter-

786 2328 839 2348 ras
866 2314 991 2348 detulit
1017 2327 1025 2348 z
1053 2328 1092 2348 ex
1120 2316 1186 2349 hoc
1210 2328 1294 2349 vero
1318 2317 1461 2349 Prome-

787 2368 859 2401 thei
886 2368 981 2401 furto
1010 2369 1225 2401 nobilitatem
1252 2377 1461 2414 acceperunt

787 2421 917 2454 ferulae.
934 2419 1025 2454 Vide
1044 2421 1105 2454 lib.
1130 2423 1180 2454 IX
1195 2448 1202 2462 ‚
1221 2421 1327 2466 epigr.
1349 2433 1432 2454 XLVI
1449 2433 1458 2454 :

793 2474 903 2507 «Ecce
920 2474 1135 2506 Prometheae
1150 2486 1276 2518 rupes,
1292 2481 1356 2506 etc.
1379 2490 1392 2502 ι»
1414 2474 1459 2507 Et

790 2527 975 2571 AEschylus
1003 2527 1037 2558 in
1060 2526 1238 2559 Prometh.
1261 2526 1365 2559 vinct.
1384 2527 1458 2559 Act,

790 2579 828 2617 I,
850 2592 894 2611 sc.
927 2591 955 2611 ῐῐ
976 2592 982 2612 ;
1006 2578 1319 2623 Ναρθηκοπλήρωτον
1342 2576 1380 2612 δὲ
1405 2582 1461 2614 θηΦ

790 2636 894 2676 ρῶμσιι
914 2635 1008 2676 πυρὸς
1029 2631 1139 2676 Πηγήν
1160 2631 1325 2664 κλοπαίου.

1196 2704 1254 2758 14
