1901 3259
318 217 907 261 EPIGRAMMATUM
945 215 1070 258 LIB.
1110 214 1228 257 XII.

705 368 844 424 VII.

622 538 687 565 DE
727 536 933 565 LIGEIA.

212 652 341 695 TOTo
362 651 525 694 vertice
548 659 654 710 quot
680 649 792 710 gerit
818 645 996 709 capillos
1015 683 1026 703 ,

212 722 361 765 Annos
387 721 421 765 si
450 730 517 764 tot
540 720 672 763 habet
700 720 872 780 Ligeia,
898 718 1025 762 trima
1051 727 1127 761 est.

134 866 163 887 1.
186 854 274 898 Quot
289 855 373 897 gerit
392 852 533 897 capillos.
551 852 612 885 Est
631 851 748 896 itaque

76 906 202 952 tripilis
223 918 282 939 seu
301 905 425 939 trifilis.
446 905 523 937 Lib.
541 905 614 944 VI,
637 904 748 949 epigr.

77 971 203 999 Lxx1v‚
222 971 272 992 vs.
296 971 327 991 2.

133 1025 165 1045 2.
191 1012 313 1056 LIgeia.
350 1010 476 1043 Melius
510 1010 625 1043 forsan
654 1010 749 1053 Ligia

808 859 870 883 aut
888 851 999 895 Ligea.
1020 871 1073 875 -—
1093 850 1214 882 Trima.
1233 848 1408 881 Trieunis.
1426 847 1484 879 Sic

809 904 920 943 bimus,
940 903 1134 949 quadrimus.
1150 902 1275 934 Horat.
1296 901 1356 933 lib.
1372 901 1388 932 I
1399 924 1407 939 ‚
1427 898 1486 932 od.

810 969 866 998 lx,
892 958 912 991 8
927 967 935 988 ἕ
961 973 974 985 «
992 957 1172 1000 Deprome
1187 953 1412 999 quadrimum
1430 953 1491 985 Sa-

809 1009 892 1042 bina
902 1036 911 1051 ,
922 1008 954 1041 O
965 1007 1188 1048 Thaliarche,
1203 1019 1341 1041 merum
1355 1005 1486 1039 diota.»

694 1139 876 1194 VIII.

321 1305 377 1332 IN
418 1301 967 1332 COMMENDATJONEM
1007 1300 1269 1329 TRAJANI.

219 1431 487 1472 TERRARUM
515 1429 609 1471 Dea
636 1428 918 1488 gentiumque
944 1426 1113 1481 Roma,

224 1501 306 1544 Cui
329 1515 408 1560 par
433 1507 497 1542 est
522 1496 656 1553 nihil,
682 1507 725 1541 et
749 1495 855 1540 nihil
879 1495 1119 1539 secundum
1147 1531 1158 1553 ,

221 1570 396 1630 Trajani
422 1568 554 1613 modo
579 1567 675 1612 laeta
701 1584 835 1629 quum
862 1566 1032 1611 futuros

222 1642 307 1684 Tot
331 1657 409 1701 per
433 1638 589 1684 saecula
615 1647 891 1700 computaret
920 1654 1057 1681 annos
1075 1673 1086 1693 ,

224 1713 282 1755 Et
306 1710 462 1755 fortem
476 1746 487 1765 ‚
510 1711 826 1771 juvenemque,
849 1709 1147 1768 Martiumque

224 1783 279 1824 In
300 1790 423 1825 tanto
446 1781 556 1824 duce
578 1779 759 1824 militem
786 1779 980 1832 videret3

225 1852 349 1895 Dixit
375 1850 556 1912 praeside
582 1850 770 1911 gloriosa
798 1849 901 1893 tali:

227 1922 489 1966 Parthorum
512 1937 739 1982 proceres,
762 1919 981 1981 ducesque
1006 1921 1160 1963 Serum
1174 1954 1186 1974 ‚

146 2072 175 2093 1.
195 2061 279 2094 Dea.
299 2060 380 2093 Non
398 2058 435 2092 id
451 2057 667 2105 ὑπερὲολικῶς
687 2067 763 2092 tan-

90 2122 165 2147 tum
192 2121 226 2147 et
258 2122 439 2158 poetarum
469 2113 594 2146 usitata
623 2110 765 2145 audacia

89 2159 246 2209 flictum;
267 2164 327 2198 sed
345 2165 438 2199 inter
455 2167 543 2199 Deas
559 2177 640 2198 vere
658 2165 766 2198 relata

92 2227 143 2253 est
152 2220 235 2252 urbs
245 2220 355 2252 Roma
366 2227 399 2252 et
408 2217 514 2251 hodie
525 2226 767 2252 exstantnum-

92 2273 141 2305 mi
151 2272 212 2318 qui
222 2273 332 2306 Deam
342 2273 487 2305 Romam
498 2272 651 2317 pingunt
661 2283 766 2304 aureo

93 2325 180 2358 solio
193 2324 372 2359 sedentem
382 2350 390 2362 ‚
416 2323 594 2358 mundum
609 2324 746 2357 sinistra
756 2349 767 2366 ,

95 2377 218 2413 dextra
232 2378 425 2411 Victoriam
442 2386 631 2411 tenentem.
647 2378 714 2410 En.

150 2445 182 2464 2.
208 2431 302 2464 Nihil
327 2431 505 2465 secundum.
533 2431 602 2464 Vel
628 2429 656 2463 si
684 2428 769 2475 quid

95 2483 313 2529 proximum,
330 2484 435 2529 longo
453 2492 547 2517 certe
569 2483 770 2516 intervallo.

97 2536 145 2569 Iis
164 2537 235 2569 fere
253 2536 366 2570 verbis
385 2549 467 2570 usus
486 2545 539 2570 est
558 2536 645 2569 Hor.
660 2548 770 2581 quum

98 2588 143 2622 de
159 2589 266 2627 Jove,
283 2588 350 2621 Od.
364 2590 479 2631 I,x11‚
494 2603 507 2623 ι
519 2590 664 2624 8:1‹Nec
678 2588 770 2633 viget

99 2641 292 2688 quidquam
311 2641 442 2684 simile,
463 2651 521 2676 aut
539 2641 741 2676 secundum.
753 2659 765 2671 n

879 2060 912 2091 6.
934 2058 974 2090 In
993 2065 1080 2090 tanto
1099 2058 1197 2097 duce,
1222 2065 1288 2090 etc.
1314 2075 1326 2087 ιι
1345 2057 1401 2091 Sic
1426 2060 1498 2092 Im-

823 2120 1020 2156 peratorem
1034 2137 1042 2154 ,
1059 2110 1407 2156 commilitonemque
1433 2112 1500 2145 mi-

825 2176 961 2197 scueras
973 2190 981 2205 ‚
997 2173 1061 2197 etc.
1079 2181 1092 2192 n
1117 2163 1207 2196 Plin.
1230 2163 1266 2196 in
1282 2164 1501 2209 Panegyrico

826 2217 984 2262 Trajani,
1003 2229 1084 2256 XIX,
1106 2216 1138 2249 3.
1157 2217 1209 2250 Ita
1225 2216 1361 2250 locutus
1383 2226 1434 2251 est
1457 2216 1501 2250 de

828 2269 961 2303 Caesare
993 2270 1109 2315 Sylla,
1151 2270 1323 2303 referente
1355 2270 1502 2304 Sueton.

828 2335 905 2369 cap.
927 2335 940 2356 ῐ
958 2335 966 2356 z
983 2323 1108 2356 Caesari
1121 2323 1232 2355 multos
1249 2323 1371 2356 Marios
1394 2326 1501 2356 inesse.

883 2378 916 2410 8.
942 2376 1093 2423 §Istorum
1119 2375 1327 2409 Beverlaudi
1353 2375 1426 2409 MS.
1452 2397 1504 2403 —

829 2430 1030 2462 Parthorum.
1052 2429 1153 2470 Quos
1171 2429 1263 2462 hello
1282 2437 1505 2474 superaverat

830 2482 1012 2527 Trajanus.
1029 2501 1082 2507 ——
1098 2482 1262 2528 Ducesque
1283 2482 1402 2515 Serum.
1424 2483 1508 2516 Clu-

832 2536 946 2569 verius
960 2561 969 2576 ,
990 2535 1050 2568 lib.
1068 2535 1101 2567 V
1129 2548 1198 2568 suae
1228 2532 1507 2569 Introductionis

831 2601 907 2634 cap.
932 2602 975 2628 2,
1007 2588 1159 2621 sericam
1194 2587 1369 2634 Scythiam
1401 2588 1508 2622 hodie

832 2641 958 2675 Cataiae
984 2653 1131 2686 regnum
1160 2653 1232 2674 esse
1259 2639 1356 2675 dicit.
1380 2642 1432 2675 De
1456 2655 1509 2676 se-
