1901 3259
368 252 948 297 EPIGRAMMATUM
991 251 1114 293 LIB.
1155 250 1271 292 XII.

1452 248 1514 309 G7

691 402 939 460 LXXI.

632 558 701 585 AD
749 555 1004 585 LYGDUM.

323 680 414 724 Nu.
443 695 554 733 non,
583 677 755 738 Lygde,
784 676 890 720 mihi
919 691 1051 736 negas
1077 676 1272 735 roganti3

322 752 378 793 At
409 748 629 810 quondam
660 748 788 802 mihi,
821 746 993 808 Lygde,
1018 745 1078 789 nil
1104 745 1305 806 negabas.

171 885 202 905 1.
216 871 324 916 Negas
342 873 481 916 roganti.
500 871 579 903 Lib.
595 870 664 911 XI,
678 869 787 914 epigr.

118 936 245 958 Lxxm.
259 946 313 951 —
326 924 447 971 Lygde.
474 922 631 969 Lygdus,
651 921 789 968 Lygda-

112 976 362 1018 mus‚nomina
379 977 503 1010 usitata
519 976 612 1009 hisce
626 975 790 1020 tempori-

115 1031 181 1064 bus
193 1029 235 1063 ad
249 1030 404 1064 servulos
418 1029 646 1074 elegantiores
658 1036 691 1061 et
700 1039 791 1061 ama—

852 877 904 902 tos
926 881 943 901 a
960 868 1113 902 dominis
1133 880 1260 913 pueros
1281 867 1525 915 designandos.

908 935 940 955 2.
958 922 1019 955 Nil
1035 921 1184 966 negabas.
1205 921 1236 955 O
1259 933 1356 956 nunc
1377 922 1522 955 castissi-

850 986 925 1014 me,
958 974 1216 1019 impurissimus
1236 975 1342 1009 fuisti.
1355 974 1438 1009 Vid.
1460 975 1522 1009 lib.

850 1028 914 1067 IV,
936 1027 1041 1072 epigr.
1066 1039 1129 1060 x11.

681 1147 959 1202 LXXII.

590 1293 657 1320 AD
709 1291 1026 1320 PANNICUM.

1051 1271 1066 1284 u

110 1413 295 1456 JUGERA
324 1420 541 1455 mercatus
570 1426 706 1471 prope
738 1410 863 1453 busta
890 1409 1060 1453 latentis
1085 1408 1234 1469 agelli,

182 1484 238 1525 Et
267 1481 377 1526 male
406 1491 644 1542 compactae
669 1480 860 1525 culmina
886 1479 991 1524 fulta
1024 1496 1156 1534 casae,

113 1554 286 1597 Deseris
315 1553 501 1597 urbanas
518 1589 527 1607 ‚
553 1563 625 1596 tua
647 1551 828 1613 praedia,
852 1552 1063 1603 Fannia),
1095 1550 1211 1601 lites,

178 1623 405 1684 Parvaque
433 1624 505 1667 sed
529 1625 639 1667 tritae
661 1623 839 1684 praemia
865 1631 983 1666 certa
1009 1631 1132 1684 togae.

112 1696 397 1738 Frumentum
413 1729 423 1748 ‚
447 1693 612 1737 milium
626 1729 636 1749 ‚
658 1695 982 1754 ptisanamque,
1004 1691 1236 1752 fabamque
1257 1691 1447 1746 solebas,

183 1765 386 1808 Vendere
416 1765 741 1825 pragmaticus:
774 1779 890 1805 nunc
917 1763 1023 1806 emis
1052 1761 1252 1822 agricola.

175 1881 188 1892 ’
218 1884 414 1918 Pannicum
445 1883 657 1918 causidicum
679 1910 687 1924 ‚
716 1886 788 1917 fru-

850 1882 1045 1916 donabatur
1074 1883 1249 1916 Pannicus
1266 1895 1273 1916 :
1290 1887 1448 1928 ptisanam
1473 1887 1525 1919 in-

113 1946 230 1971 ctuosa
246 1936 388 1971 dicendi
405 1946 478 1971 arte
494 1937 645 1978 deserta,
662 1937 788 1981 agellos
849 1945 1040 1981 terpretare
1050 1934 1222 1969 hordeum
1233 1948 1273 1969 ex
1285 1950 1355 1982 quo
1368 1950 1458 1984 saepe
1472 1940 1522 1973 flt.

114 2000 286 2025 ementem
303 1991 452 2032 steriles,
470 1990 603 2024 irridet.

172 2056 203 2077 1.
232 2045 336 2089 Prope
362 2044 463 2076 hasta.
492 2044 624 2077 Gallica
659 2043 786 2077 iutelli-

113 2105 201 2142 gunt
221 2097 450 2142 interpretes:
470 2096 530 2130 ubi
549 2109 676 2141 nempe
696 2096 785 2129 Galli

114 2151 151 2183 in
159 2149 324 2196 depresso
339 2162 399 2183 seu
412 2150 541 2184 latente
557 2150 635 2182 loco
649 2151 786 2183 fuerant

113 2203 241 2248 sepulti
257 2215 275 2236 a
297 2203 444 2237 Camillo
466 2201 591 2245 deleti,
606 2203 661 2235 vel
682 2202 786 2249 pesti-

115 2256 221 2290 lentia
239 2256 440 2302 interempti
459 2256 495 2288 in
515 2255 700 2289 obsidione
717 2256 786 2289 Ro-

115 2321 188 2342 mae.
206 2309 325 2342 Livius
337 2334 346 2350 ,
364 2308 422 2342 lib.
433 2310 478 2350 V,
495 2321 570 2342 va.

171 2374 204 2395 2.
221 2361 410 2406 Compositae
422 2360 500 2395 cod.
515 2362 649 2394 Beverl.
666 2370 700 2394 et
709 2360 786 2394 cod.

118 2414 152 2446 in
173 2427 278 2460 marg.
301 2414 358 2448 ed.
377 2415 453 2448 Par.
475 2416 579 2459 1617.

172 2467 204 2499 3-
238 2468 374 2500 Deseris.
410 2468 540 2501 Forum
572 2467 722 2507 scilicet,
747 2478 787 2499 ex

117 2532 188 2565 quo
210 2522 356 2565 majores
381 2528 414 2553 et
437 2520 602 2554 certiores
629 2520 764 2553 fructus
778 2546 786 2559 ,

118 2585 221 2617 quam
235 2585 275 2605 ex
291 2572 402 2606 fundo
415 2581 548 2618 empto,
564 2573 787 2619 percipiebas.

174 2626 207 2659 5.
235 2627 432 2672 Tisinamque
449 2625 525 2659 cod.
545 2627 627 2658 Bev.
644 2645 694 2651 —
705 2626 738 2658 F
737 2639 788 2657 ru-

120 2688 264 2712 mentum.
291 2679 440 2711 Munera
467 2678 636 2723 intellige‚
664 2679 791 2722 quibus

903 1993 937 2022 (5.
961 1990 1193 2034 Pragmaticus.
1218 1989 1277 2023 Est
1301 1990 1328 2023 is
1350 1991 1408 2036 qui
1432 2001 1525 2026 recte

846 2043 933 2087 juris
957 2042 1122 2075 formulas
1144 2043 1260 2083 novit,
1284 2051 1386 2089 atque
1406 2054 1522 2079 orato-

847 2095 943 2128 ribus
968 2095 1059 2140 leges
1086 2104 1119 2128 et
1148 2095 1418 2131 consuetudines
1445 2111 1524 2144 sug-

846 2149 945 2193 gerit.
961 2149 1120 2182 Juvenal.
1142 2157 1203 2182 sat.
1221 2149 1292 2182 VII
1304 2175 1313 2190 ‚
1339 2163 1351 2183 1
1364 2151 1523 2184 23.—A

848 2201 978 2234 Graecis
1011 2210 1234 2246 sumpserunt
1270 2202 1360 2236 hanc
1399 2203 1524 2238 dictio-

847 2267 926 2287 nem
938 2281 946 2296 ,
958 2266 1061 2300 quam
1071 2267 1135 2288 nos
1148 2255 1251 2288 etiam
1263 2255 1397 2300 gallice,
1407 2270 1525 2302 quam-

849 2320 952 2353 quam
968 2308 1187 2341 intersectam
1199 2334 1207 2349 ‚
1220 2310 1421 2342 retinemus.
1435 2311 1523 2343 Nam

849 2361 1524 2408 πραγματικαὶςΐεεοίεᾶρρθίἰειῃῐυτμμοε

849 2426 912 2447 nos
940 2414 1110 2460 practicos
1136 2414 1368 2460 appellamus,
1388 2415 1523 2449 charta-

849 2479 928 2500 ceos
947 2475 979 2500 et
999 2467 1200 2500 calamarios
1221 2467 1394 2500 homines.
1412 2467 1524 2509 Quin-

850 2520 900 2553 til.
924 2528 1040 2553 tamen
1060 2520 1123 2553 lib.
1141 2520 1192 2560 ΙΙ,
1211 2532 1286 2564 cap.
1311 2522 1350 2560 6,
1367 2533 1523 2566 πραγμα-

851 2573 954 2611 τικοὺς
984 2572 1104 2618 graec-is
1123 2572 1239 2605 vocari
1258 2572 1345 2604 Jm-is
1374 2575 1517 2619 interpre-

851 2635 894 2657 tes
909 2625 1007 2659 dicit.
1028 2626 1164 2658 Herald.
1177 2646 1227 2650 -—-
1238 2624 1332 2657 Nunc
1347 2627 1421 2658 emis
1436 2630 1523 2670 agri-

850 2678 929 2710 cola.
952 2679 1100 2722 Propter
1118 2678 1188 2722 agri
1207 2677 1433 2711 sterilitatem.

1303 2747 1353 2763 >12

1297 2764 1322 2793 ζ)
