1901 3259
341 220 918 265 EPIGRAMMATUM
956 223 1082 264 LIB.
1123 222 1260 265 XIV.

1411 221 1501 266 261

661 370 943 427 CLXXL

542 510 767 551 ΒΡΟῩΤΟΥ
814 507 1065 553 ΠΑιΔίοΝ.ῃ

174 634 359 677 GLORIA
391 644 477 677 tam
510 636 632 695 parvi
663 651 752 678 non
783 644 847 678 est
878 635 1066 678 obscura
1095 634 1245 695 sigilli3

242 703 370 747 Istius
397 705 519 764 pueri
549 707 703 749 Brutus
733 715 902 749 amator
932 715 1036 748 erat.

171 842 371 897 Δείκελον,
396 845 438 896 ὅ,
466 845 522 903 ῤῥ’
548 845 690 905 ὀρθίας,
716 847 786 887 οὐκ
812 845 948 894 ἀκλεὲς
974 846 1142 896 ἔπλετο,
1166 844 1234 886 καί
1262 861 1333 904 περ

240 913 435 973 Τοσσίχον
463 913 519 956 ὃν·
548 916 693 957 τούτου
720 917 892 974 Βροῦτος
917 916 1036 974 ἐρᾶτε,
1065 916 1195 974 κόρου.

154 1046 167 1059 '¹
184 1051 497 1096 Beotoviculopedion
520 1051 660 1084 Thuan.
689 1051 770 1085 cod.

102 1104 192 1147 Lege
204 1105 337 1148 Βρούτου
353 1101 578 1138 καλοπαιὸίον.
599 1104 655 1137 Sic
670 1105 771 1137 Bruti

101 1155 282 1200 pusionem
308 1165 419 1191 vocat.
437 1156 520 1190 Vid.
548 1157 582 1190 J.
600 1158 704 1191 Voss.
727 1156 770 1190 ad

103 1209 228 1241 Catull.
248 1222 280 1253 p.
304 1222 388 1254 229.
406 1227 419 1238 »
434 1210 557 1244 Beverl.

158 1274 189 1294 2.
207 1262 302 1295 Istius
313 1266 415 1307 pueri.
435 1264 486 1296 De
504 1275 573 1308 quo
586 1264 658 1308 jam
679 1261 769 1296 dixi-

832 1064 909 1085 mus
927 1051 989 1084 lib.
1009 1052 1077 1093 IX,
1093 1052 1203 1097 epigr.
1225 1065 1273 1084 Li.
1292 1052 1427 1085 Plinius
1447 1054 1512 1085 lib.

832 1105 1003 1146 XXXIV,
1025 1116 1101 1150 cap.
1126 1105 1160 1138 8.
1186 1106 1274 1137 Item
1296 1105 1377 1138 fecit
1400 1106 1508 1150 Apol-

830 1156 974 1190 lodorus
1009 1170 1159 1202 puerum
1174 1184 1182 1198 ,
1223 1170 1326 1203 quein
1362 1157 1509 1190 amando

830 1211 959 1243 Brutus
973 1210 1208 1256 Philippensis
1222 1211 1431 1256 cognomine
1447 1224 1507 1244 suo

830 1263 1100 1296 illustrissimum
1126 1263 1218 1296 fecit.

647 1400 970 1456 CLXXJL

400 1558 793 1587 sAUROCTONos
831 1537 1211 1585 cortm'rninsf
1237 1590 1250 1593 ,

171 1685 240 1727 An
270 1693 312 1726 te
343 1684 555 1743 reptanti,
578 1700 685 1742 puer
715 1682 938 1736 insidiose,
965 1681 1135 1726 lacerta}

243 1755 375 1798 Parce
402 1770 410 1795 :

443 1754 563 1813 (eupit
593 1753 738 1813 digitis
770 1751 838 1795 illa
868 1753 1008 1812 perire
1033 1754 1129 1795 tuis.

173 1888 312 1936 Φείδεο
340 1899 414 1942 τῆς
438 1894 583 1953 σαύρης
613 1894 805 1952 ἑρπούσης
833 1893 930 1951 πρὸς
958 1892 999 1933 σὲ
1016 1926 1024 1941 ,
1056 1886 1261 1951 δολόῳρων

245 1966 394 2023 Κοῦρε,
420 1968 548 2023 χεροῖν
575 1963 720 2006 θανέειν
745 1967 824 2004 σῶν
849 1964 924 2004 ὕπο
950 1963 1200 2022 γλιχομένης.

158 2099 171 2113 ’
198 2103 405 2136 Sam-oolam„
435 2105 606 2135 coriantc'us
633 2102 772 2134 Thuau.

105 2155 186 2190 cod.
212 2156 418 2189 Sam-octones
447 2155 484 2189 C.
512 2154 567 2188 ed.
597 2154 772 2188 Schrevel.

156 2231 208 2236 ——
226 2209 445 2242 Sauroctonos.
469 2210 498 2241 A
519 2208 631 2242 κτείνω
654 2209 773 2247 occido,

106 2270 140 2294 et
156 2267 270 2307 σαῦρος
284 2263 401 2294 lacerta
417 2274 429 2294 .·
443 2261 510 2294 hoc
529 2270 597 2302 est,
613 2261 776 2293 lacertam

106 2313 278 2348 occidens.
305 2314 477 2347 Nimirum
504 2313 657 2358 intellige
681 2314 775 2358 sigil-

105 2367 178 2399 lum
197 2379 237 2400 ex
252 2379 316 2400 aere
331 2366 516 2399 Corinthio
527 2367 668 2399 factum.
687 2366 774 2398 Plin.

108 2420 275 2460 XXXIV,
294 2431 323 2452 c.
346 2421 366 2453 8
386 2431 393 2452 :
416 2420 534 2452 «Fecit
552 2419 777 2458 (Praxiteles)

108 2482 140 2506 et
166 2472 334 2516 puberem
353 2472 551 2516 Apollinem
578 2472 777 2517 subrepenti

105 2526 240 2559 lacertae
248 2525 407 2558 cominus
415 2525 533 2569 sagitta
545 2524 779 2563 insidiantem,

109 2590 214 2623 quem
231 2577 471 2611 sauroctonon
490 2585 624 2610 vocant.
646 2595 657 2605 »ι

893 2116 923 2134 2.
950 2100 1056 2144 Cupit.
1086 2102 1131 2133 Ut
1153 2102 1261 2134 nobili
1285 2106 1354 2135 lato·
1380 2114 1509 2148 pereat.

836 2176 888 2179 ⁴—
903 2152 1122 2187 Crediderim
1141 2154 1258 2199 potins
1278 2155 1425 2189 voluisse
1443 2157 1511 2190 No-

837 2215 947 2239 strum
974 2207 1075 2251 pueri
1099 2207 1421 2241 excellentissimam
1453 2221 1510 2242 ve-

836 2267 1007 2292 nustatem
1029 2260 1224 2298 celebrare,
1252 2269 1285 2292 et
1316 2261 1361 2293 ob
1390 2261 1425 2294 id
1457 2262 1510 2295 di-

837 2325 914 2345 cere
935 2324 942 2345 :
959 2313 1037 2358 Ipsa
1054 2321 1088 2345 te
1107 2321 1198 2345 amat
1214 2313 1338 2346 lacerta
1353 2339 1361 2354 ,
1378 2323 1411 2346 et
1432 2315 1511 2359 qui-

838 2364 916 2398 dem
937 2365 980 2397 ita
1011 2374 1118 2405 amat,
1134 2378 1155 2397 0
1185 2374 1329 2398 venuste
1351 2379 1448 2410 puer,
1474 2376 1510 2399 nt

838 2431 882 2451 ne
910 2419 1024 2463 perire
1056 2417 1200 2463 quidem
1228 2427 1382 2459 recuset,
1406 2419 1510 2452 niodo

839 2484 910 2504 non
934 2480 1013 2503 ante
1034 2479 1167 2515 pereat,
1184 2484 1288 2515 quam
1305 2470 1421 2516 digitis
1442 2472 1512 2504 tuis

840 2532 1047 2569 pertractata
1071 2524 1190 2557 fuerit„
1208 2524 1300 2567 Ergo
1318 2525 1440 2568 ponito
1460 2538 1513 2557 ar-

843 2590 941 2618 ctini,
962 2585 993 2609 et
1016 2577 1175 2609 lacertam
1210 2589 1312 2608 mann
1339 2576 1511 2620 prendite.

1260 2678 1271 2701 3

1188 2703 1242 2747 17
