1901 3259
290 195 881 241 EPIGRAMMATUM
919 194 1048 238 LIB.
1087 194 1237 237 XIII.

1382 191 1473 237 103

654 346 874 402 XXII.

533 502 629 531 UVA
675 480 1004 531 mummium*

131 626 237 671 NON
269 625 424 671 habilis
451 627 643 688 cyathis,
669 636 713 671 et
737 625 898 671 inutilis
926 641 1012 670 uva
1035 627 1188 686 Lyaeo;

199 696 282 742 Sed
308 713 396 741 non
419 698 588 758 potanti
611 713 702 751 me,
727 697 804 741 tibi
829 705 980 741 nectar
1003 712 1091 740 ero.

131 828 225 888 Εἰμὶ
255 830 325 888 μὲν
354 831 398 872 οὐ
425 832 559 889 χρηςὴ
587 828 768 883 κυάθοις,
800 829 885 871 οὔτ’
917 827 1074 878 εὔθετος
1104 826 1208 883 οἴνῳ·

201 901 261 942 Οὐ
289 898 446 942 πίνοντί
469 901 512 958 μ’
537 901 645 959 ὅμως
675 898 754 958 εἰμί
782 915 843 941 σοι
874 892 985 957 εἶδαρ
1014 898 1067 941 ἐῢ,

116 1030 130 1043 “
146 1031 215 1065 Uva
224 1030 389 1064 duracina.
404 1029 540 1063 Plinius
553 1029 616 1063 lib.
630 1029 734 1070 XVI,

62 1096 138 1130 cap.
169 1096 180 1117 1
210 1095 218 1117 ε
242 1100 255 1114 ιι
264 1084 341 1117 Uva
362 1095 436 1116 non
457 1082 586 1116 alicubi
605 1081 736 1128 gratior

61 1137 169 1179 callo,
189 1144 231 1170 ut
252 1134 334 1169 inde
355 1135 464 1182 possit
483 1135 655 1170 invenisse
672 1147 736 1168 no-

62 1202 142 1224 men
167 1188 337 1223 duracini.
360 1206 373 1219 r·
400 1189 539 1234 Legunt
560 1188 620 1223 alii
639 1188 737 1221 diwa-

62 1246 150 1277 sime.
166 1243 305 1278 Colum.
317 1241 361 1276 de
371 1242 421 1275 Re
431 1241 572 1276 Rustica
582 1241 645 1275 lib.
660 1241 717 1274 III
728 1268 737 1283 ,

64 1308 139 1342 cap.
154 1309 183 1336 1,
195 1296 348 1342 appellat
359 1307 441 1330 uvas
451 1293 530 1329 duri
542 1294 648 1329 acini:
666 1294 736 1328 aci-

796 1040 862 1062 nus
879 1035 996 1062 autem
1012 1028 1066 1062 vel
1081 1028 1222 1063 acinum
1243 1036 1294 1062 est
1309 1041 1456 1074 granum
1468 1054 1476 1068 ,

797 1080 892 1127 quod
913 1093 1080 1115 vocamus
1097 1081 1219 1127 gallice
1235 1082 1451 1127 pulice-poulo.

856 1146 886 1168 1.
901 1134 977 1169 Non
993 1134 1118 1168 habilis.
1136 1134 1228 1177 Quia
1243 1147 1284 1167 ex
1301 1146 1340 1167 ea
1357 1134 1476 1167 vinum

799 1186 951 1233 exprimi
972 1186 1107 1233 nequit.

854 1253 870 1274 π
881 1267 888 1274 .
918 1240 992 1274 Non
1014 1243 1153 1285 potanti.
1183 1239 1250 1274 Sed
1277 1237 1477 1274 comedenti

797 1294 862 1327 tibi
882 1300 1000 1328 nectar
1018 1306 1090 1326 ero.

648 1430 898 1484 XXIII.

589 1586 728 1616 CHIA
775 1586 948 1614 FICUS.

135 1717 256 1759 CfflA
289 1713 379 1758 seni
406 1712 555 1757 similis
575 1712 750 1757 Baccho
778 1726 907 1772 quem
934 1711 1051 1755 Setia
1077 1712 1216 1763 misit,

203 1786 303 1844 Ipsa
329 1799 498 1828 merum
522 1799 667 1827 secum
697 1791 866 1843 portat,
889 1791 931 1825 et
958 1782 1051 1842 ipsa
1080 1780 1225 1825 salem.

136 1908 326 1966 Γηραλέῳ
351 1906 497 1966 Βάκχῳ
524 1906 679 1962 Σητίνῳ
709 1908 807 1948 Χῖον
840 1906 966 1955 ἐοικὸς

206 1979 328 2020 Σῦκον
345 2011 355 2030 ,
386 1975 560 2037 ἄκρατον
588 1981 689 2036 ὁμοῦ
717 1975 783 2019 καὶ
810 1975 909 2025 ἅλας
933 1970 1011 2022 ’ἡδὺ
1044 1978 1162 2035 φέρει.

125 2116 154 2137 1.
180 2103 273 2138 Chia.
296 2104 403 2138 Chios
424 2111 475 2137 est
497 2101 609 2136 insula
632 2101 740 2148 AEgaei

66 2156 187 2199 maris,
198 2156 294 2191 unde
304 2157 466 2191 translata
474 2155 563 2189 ficus
572 2154 740 2201 produxit

66 2209 198 2245 fructus
209 2209 328 2252 Setiae,
340 2210 376 2243 in
388 2208 521 2255 oppido
529 2208 740 2255 Campaniae,

65 2261 174 2297 hodie
196 2262 310 2297 Sezza.
331 2262 412 2296 Fuit
433 2262 499 2296 alia
520 2261 611 2296 Setia
625 2287 635 2304 ‚
657 2261 742 2295 urbs

67 2316 196 2356 Cretae,
219 2328 262 2349 ex
281 2328 348 2362 qua
369 2316 507 2350 allatam
527 2315 618 2348 hanc
638 2314 743 2348 ficum

68 2369 129 2402 vix
159 2367 378 2404 crediderim.
399 2391 451 2395 -—
477 2367 573 2411 Quid
596 2367 664 2402 hoc
700 2366 743 2400 ad

67 2433 143 2455 rem
177 2421 278 2455 faciat
308 2421 435 2455 nescio.
466 2421 613 2456 Minime
649 2419 743 2453 enim

70 2474 196 2508 Noster
211 2473 326 2507 innuit
343 2475 447 2508 Chias
465 2475 551 2508 ficus
571 2473 625 2508 vel
644 2473 744 2507 Setiae

69 2527 124 2561 vel
156 2526 274 2561 Romae
305 2527 397 2561 nasci
418 2524 640 2573 (quanquam
659 2539 744 2560 con-

70 2588 136 2613 stat
156 2579 328 2624 posterius
348 2591 389 2613 ex
406 2580 571 2614 Athenaeo
590 2580 650 2613 lib„
668 2579 721 2612 111
738 2591 744 2611 :

73 2634 248 2666 ἐπαινεῖται
275 2630 311 2665 δὲ
342 2633 394 2666 καὶ
425 2634 505 2665 ἄλλα,
529 2638 629 2666 συκῶν
652 2635 747 2678 γένη,

800 2102 888 2136 κατὰ
918 2102 976 2137 τὴν
1017 2091 1134 2146 ῥώμην
1168 2102 1374 2145 γιγνομένων,
1415 2103 1480 2135 Χῖα

800 2154 855 2188 καὶ
881 2154 924 2188 τὰ
949 2152 1111 2196 Λιὲιανὰ,
1133 2154 1179 2187 ἔτι
1202 2150 1241 2186 δὲ
1273 2152 1327 2188 καὶ
1355 2159 1481 2187 Χαλκι-

801 2204 880 2242 δικὰ
899 2206 1139 2252 ὀνομαζόμενα,
1159 2206 1214 2241 καὶ
1232 2205 1277 2239 τὸι
1295 2200 1481 2251 Ᾰφρικανὰ,

802 2263 844 2301 ὡς
866 2260 920 2294 καὶ
947 2254 1112 2306 Ηρόδοτος
1143 2259 1157 2292 ὀ
1186 2260 1299 2298 Λύκιος
1329 2262 1482 2305 μαρτυρεῖ

805 2315 834 2347 ἐν
851 2318 897 2357 τῷ
914 2313 986 2359 περὶ
1004 2316 1106 2347 συκῶν
1126 2310 1404 2358 συγγράμματι);
1421 2311 1484 2346 sed

806 2366 846 2400 iis
873 2377 1032 2412 saporem
1056 2365 1223 2399 eumdem
1246 2365 1351 2399 fuisse
1376 2376 1482 2410 quem

805 2415 926 2453 Setino
955 2419 1059 2461 vino,
1085 2418 1143 2453 ubi
1166 2418 1245 2452 satis
1269 2419 1337 2461 jam
1359 2429 1481 2452 conse-

804 2481 940 2507 nuerat.
960 2473 1027 2506 En.

861 2539 894 2559 2.
923 2526 995 2569 Ipsa
1028 2537 1152 2557 merum.
1183 2523 1259 2556 Hoc
1285 2531 1360 2565 est,
1384 2522 1481 2567 Sapit

808 2590 943 2612 merum
974 2587 1007 2612 et
1036 2578 1153 2611 salom.
1178 2574 1270 2609 Vide
1300 2575 1359 2609 lib.
1386 2576 1454 2608 VII
1471 2599 1480 2614 ‚

810 2632 915 2676 epigr.
937 2644 1013 2664 xxv.

1226 2692 1239 2717 25

1187 2717 1209 2759 7
