2044 3292
460 234 489 278 6
832 234 897 276 M.
923 233 1064 276 VAL.
1104 231 1500 275 MARTIALIS

526 323 641 366 Fons
667 321 726 364 ibi
754 319 968 364 Castalius
998 320 1140 363 vitreo
1167 326 1362 362 torrente
1388 317 1608 379 superbit,

597 391 729 435 Unde
758 407 917 435 novem
948 389 1147 434 dominas
1177 405 1290 449 saepe
1317 388 1475 433 bibisse
1500 388 1660 432 ferunt.

525 461 605 505 Ille
626 461 746 505 dabit
763 460 950 522 populo,
971 460 1254 522 patribusque
1266 494 1278 516 ‚
1295 459 1514 520 equitique
1530 457 1764 520 legendum
1780 492 1792 513 ‚
1841 479 1873 502 ‚⁵

595 533 690 576 Nec
722 532 905 575 nimium
936 532 1059 576 siccis
1086 529 1282 591 perleget
1314 530 1406 590 ipse
1431 531 1566 590 genis.

527 602 648 658 Quid
679 601 852 646 titulum
885 600 1059 663 poscis?
1084 617 1236 645 versus
1267 599 1354 643 duo
1383 609 1527 644 tresve
1555 598 1784 661 legantur,

597 672 863 716 Clamabunt
891 688 1042 716 onmes
1071 681 1113 714 te
1129 707 1140 727 ‚
1171 670 1307 727 liber,
1332 686 1425 714 esse
1450 686 1614 714 meum.

453 837 474 857 ι,
487 850 496 865 ,
514 831 548 857 et
560 823 620 856 lib.
636 823 689 856 VI
700 849 709 863 ‚
726 823 835 868 epigr.
850 835 1022 856 XLVI1.—
1037 822 1132 855 «Το-

456 877 519 909 ties
542 878 712 920 totiesque
732 875 876 917 monui,
900 883 939 908 ut
958 875 1134 909 scribatur

452 929 609 968 Iantlaeae,
626 922 785 970 Ῐάνθιοςι,
795 928 911 974 inquit
925 928 1133 962 Scriverius.

453 983 499 1016 At
514 982 573 1014 ille
589 982 732 1015 fallitur.
751 981 849 1014 Nihil
866 981 936 1014 huc
949 981 1030 1014 facit
1043 981 1133 1014 Vio-

451 1034 584 1068 lantilla
595 1061 604 1076 ,
615 1034 702 1068 nihil
717 1035 794 1067 fons
808 1033 1004 1068 Ianthidos.
1015 1034 1132 1081 Hyan-

452 1095 509 1121 teae
534 1087 674 1133 scripsit
700 1087 883 1121 Martialis.
911 1088 955 1121 Et
979 1087 1131 1134 Hyantea

450 1153 532 1187 aqua
547 1148 597 1174 est
612 1139 706 1174 unda
720 1141 874 1174 Castalis.
890 1140 1069 1174 Ausonius
1081 1151 1089 1173 :
1101 1148 1133 1173 et

448 1194 601 1240 Hyantea
624 1195 807 1239 Aganippe.
831 1192 961 1227 Ovidio
988 1194 1130 1227 Actaeon

446 1248 566 1289 juvenis
582 1247 756 1294 Hyantius.
778 1246 888 1280 Statio
907 1247 1065 1292 Hyantiae
1079 1259 1131 1279 so-

450 1312 533 1332 rores
543 1300 664 1334 Musae.
674 1301 809 1333 Rursus
830 1298 937 1333 Ovid.
955 1300 1005 1333 M.
1019 1300 1109 1332 VIII
1121 1325 1130 1340 ,

454 1352 473 1386 3
484 1365 497 1386 1
507 1365 528 1386 o
540 1377 551 1394 ‚
562 1361 594 1386 et
602 1353 753 1401 Hyanteo
764 1353 864 1386 Iolao.
878 1352 1091 1387 Gronovius.

1253 834 1266 855 1
1277 822 1312 855 3.
1329 821 1488 866 Superbus
1517 819 1724 855 Beverland.
1736 841 1788 848 —-
1810 821 1875 855 Ca-

1193 876 1342 908 stalius...
1358 875 1466 915 Unde,
1486 882 1554 908 etc.
1568 874 1718 920 Propter
1734 874 1876 908 Stellam

1194 937 1349 974 poetam.

1243 985 1299 1021 14.
1324 981 1449 1014 Ferant
1475 979 1583 1014 idem.
1601 1001 1654 1006 -——
1671 980 1791 1014 Novem
1815 979 1873 1012 do-

1192 1037 1304 1067 minas.
1326 1034 1444 1066 Musas
1465 1033 1632 1079 intellige.

1249 1099 1263 1120 1
1274 1089 1306 1120 6.
1324 1087 1388 1120 Iste
1404 1086 1441 1120 in
1457 1098 1566 1132 marg·
1585 1084 1641 1119 ed.
1656 1085 1780 1131 Langii
1794 1085 1872 1118 Par.

1196 1141 1292 1184 1617
1309 1151 1318 1181 ;
1338 1141 1400 1172 ista
1427 1137 1635 1172 Beverland.
1655 1159 1707 1165 —
1725 1138 1794 1172 Nec
1823 1140 1874 1170 ni-

1191 1195 1284 1225 mium
1304 1194 1404 1226 siccis.
1428 1191 1502 1226 Prae
1520 1191 1695 1226 desiderio
1714 1191 1785 1224 mei
1809 1191 1872 1224 ali-

1195 1245 1404 1292 quantulum
1419 1244 1528 1278 flebit.

1250 1311 1263 1332 1
1274 1311 1306 1344 7.
1326 1298 1417 1342 Quid
1431 1298 1555 1331 titulum
1569 1300 1698 1343 poscis?
1712 1297 1790 1331 Hoc
1805 1304 1872 1338 est,

1192 1363 1323 1385 nomen
1345 1351 1510 1386 auctoris.

1101 1511 1208 1566 IV.

947 1675 1016 1703 ΑΙ)
1057 1652 1367 1702 muscum*

515 1815 659 1872 QUOD
689 1812 846 1858 Flacco
861 1848 873 1869 ‚
891 1813 1116 1873 Varioque
1146 1812 1254 1865 fuit,
1277 1827 1537 1872 summoque
1563 1811 1763 1865 Maroni,

590 1885 811 1928 Maecenas
841 1884 980 1928 atavis
1009 1882 1186 1944 regibus
1212 1891 1335 1927 ortus
1362 1898 1516 1943 eques,

515 1956 731 2001 Gentibus
756 1964 800 1999 et
824 1953 999 2016 populis
1028 1954 1114 1998 hoc
1141 1963 1183 1997 te
1212 1953 1345 2009 mihi,
1376 1953 1522 1997 Prisce
1541 1954 1742 2008 Terenti,

585 2028 720 2069 Fama
748 2025 879 2070 fuisse
909 2024 1095 2085 loquax,
1126 2024 1364 2084 chartaque
1394 2023 1511 2068 dicet
1542 2039 1663 2067 anus.

513 2099 581 2140 Tu
608 2096 715 2141 facis
740 2097 988 2158 ingenium3
1016 2105 1064 2139 tu
1080 2130 1091 2151 ‚
1118 2095 1152 2138 si
1177 2094 1279 2155 quid
1305 2110 1432 2155 posse
1460 2093 1689 2148 videmur3
1854 2115 1868 2139 5

497 2238 511 2253 ³
521 2242 682 2276 Priscum
693 2241 922 2274 Maecenatem
935 2252 1036 2273 suum
1046 2265 1054 2280 ‚
1064 2239 1124 2281 ait,

443 2296 593 2341 dignum
617 2303 747 2329 aeterno
772 2293 948 2340 praeconio
978 2294 1124 2326 immor-

441 2348 606 2390 talitatis,
634 2349 708 2394 ejus
738 2347 842 2381 simul
867 2347 1013 2380 virtutes
1034 2358 1124 2392 prae·

440 2402 548 2436 dicat.

498 2468 530 2490 1.
554 2454 675 2488 Varro.
690 2452 827 2487 Beverl.
846 2451 921 2486 MS.
939 2474 992 2478 —
1007 2451 1121 2485 Vario.

442 2509 551 2554 Cujus
585 2507 749 2540 meminit
779 2506 842 2540 lib.
860 2505 950 2538 VIII
970 2531 980 2546 ‚
1012 2504 1120 2550 epigr.

440 2573 553 2602 xv111‚
569 2573 618 2594 vs.
639 2573 677 2607 7.Ι

494 2627 528 2648 2.
544 2614 715 2647 Maecenas.
731 2610 869 2646 Alludit
883 2610 927 2645 ad
939 2611 1037 2644 illum
1052 2610 1123 2644 Ho-

438 2668 518 2701 ratii
535 2678 674 2701 versum
688 2666 749 2700 lib.
766 2666 804 2707 Ι,
821 2663 891 2698 Od.
911 2677 922 2698 1
938 2676 946 2698 :
969 2681 981 2695 α
996 2664 1122 2698 Maeee-

1185 2251 1248 2272 nas
1273 2239 1381 2273 atavis
1411 2237 1504 2272 edite
1523 2238 1664 2285 regibus
1683 2256 1720 2279 2»,
1744 2247 1810 2273 etc.
1833 2247 1870 2273 et

1183 2290 1222 2325 id
1249 2291 1492 2326 Tibullianum
1510 2303 1518 2325 ε
1540 2309 1553 2322 α
1569 2292 1740 2326 Maecenas
1762 2304 1868 2338 eques

1183 2345 1332 2379 Etrusco
1354 2344 1398 2378 de
1421 2345 1589 2390 sanguine
1610 2357 1745 2390 regum.
1756 2363 1773 2374 ›-
1796 2345 1865 2378 En.

1238 2402 1272 2437 ά.
1295 2399 1400 2431 Ama.
1424 2397 1706 2443 Longaeva.Vide
1728 2397 1790 2431 lib.
1808 2399 1865 2437 ΙΙ,

1184 2451 1294 2496 epigr.
1310 2463 1370 2484 xm
1382 2462 1433 2492 ‚v.
1458 2464 1490 2484 α.
1506 2471 1558 2478 --
1573 2450 1767 2495 Char-taque.
1787 2450 1866 2485 Hoc

1183 2512 1247 2545 est,
1258 2504 1311 2538 Te
1323 2503 1409 2538 meis
1421 2504 1459 2537 in
1470 2504 1629 2538 versibus
1645 2503 1787 2538 donabo
1798 2503 1866 2537 im-

1183 2557 1407 2591 mortalitate.

1238 2609 1273 2644 5.
1301 2611 1369 2650 Tu,
1391 2612 1419 2642 .ςὶ
1439 2609 1534 2656 quid,
1556 2619 1621 2645 etc.
1648 2608 1804 2645 Stibaud.
1830 2608 1868 2642 id

1183 2663 1241 2697 das
1258 2663 1354 2704 mihi,
1375 2663 1520 2706 idfacis.
